2952 4836
294 376 357 441 ³64
684 389 732 435 oa
754 381 968 436 suranocms

293 556 394 656 quasi
427 555 526 652 regni
555 554 648 626 rioes
672 567 796 626 certo
820 554 1034 652 temporis
1060 551 1166 626 orbe
1192 579 1268 628 esse
1294 555 1361 627 cir-

190 663 194 674 ’
293 677 520 774 cumscriptas
536 683 574 726 ¹⁵
582 677 614 748 ⁶.
674 675 774 747 Hanc
806 675 913 773 igitur
938 675 1062 748 statuit
1083 672 1212 746 mundi
1229 675 1362 774 legem,

293 821 401 895 quam
427 799 501 896 ipse
525 799 562 869 in
583 794 808 869 describenda
830 821 952 869 rerum
978 809 1107 869 natura
1130 809 1276 869 secutus
1296 811 1363 886 est,

293 943 435 991 canens:
462 916 636 1017 princip'u
659 943 778 990 unum
797 917 906 991 fuisse
923 919 1041 990 omnia
1062 917 1245 991 harmonia
1263 917 1364 1016 june-

293 1052 386 1132 tum,
425 1055 502 1112 tum
538 1039 684 1110 intrasse
715 1037 928 1110 Discordiam
960 1052 996 1110 et
1022 1039 1201 1111 nnumin
1228 1036 1364 1112 diversa

213 1209 214 1214 κ
293 1157 512 1250 distraxisse,
538 1173 654 1255 postea
678 1185 802 1231 rursus
826 1184 890 1232 suo
915 1173 1073 1256 tempore
1100 1157 1237 1233 venisse
1262 1160 1364 1231 Ami·

292 1280 408 1352 citiam
431 1281 664 1379 distractoque
687 1279 861 1352 elementa
892 1278 930 1350 in
952 1278 1079 1351 mundi
1099 1279 1250 1352 formam
1273 1305 1364 1353 com-

291 1402 466 1498 posuisse:
495 1395 551 1473 'sic
585 1399 705 1473 ambas
739 1399 814 1472 illas
852 1399 945 1474 vires
982 1400 1084 1500 quasi
1116 1398 1244 1472 luctari
1274 1401 1365 1474 inter

292 1547 330 1592 se
345 1531 408 1573 ¹⁵⁷
437 1547 588 1620 eamque
614 1521 841 1595 luctationem
866 1535 1040 1620 perpetuo
1059 1519 1200 1593 durare.
1228 1523 1364 1620 Empe-

292 1639 403 1713 doclei
437 1639 533 1712 illius
564 1643 681 1739 placiti
711 1641 883 1739 frequens
909 1641 1041 1712 mentio
1065 1655 1118 1713 est
1144 1641 1242 1740 apud
1268 1656 1364 1718 vete·

293 1769 369 1832 res‘
410 1759 552 1831 Primus
577 1776 747 1834 memorat
772 1759 871 1832 Plato
895 1762 933 1832 in
958 1759 1135 1858 sophista,
1163 1760 1229 1858 ubi
1261 1777 1365 1836 vete-

292 1905 376 1952 rum
417 1879 462 1952 de
510 1907 631 1954 rerum
678 1897 806 1956 natura
852 1882 974 1982 placita
1019 1883 1195 1972 reserens,
1236 1882 1366 1957 Eleatis

292 2029 356 2074 un
371 2028 395 2072 u
410 2029 445 2075 m
482 2029 585 2078 esse
621 2003 858 2078 statuentibus
885 2005 1032 2102 opponit
1055 2003 1275 2076 Heraclitum
1300 2005 1366 2076 Jo-

291 2123 414 2196 nicum
440 2139 476 2198 et
499 2125 659 2200 Siculum
685 2125 949 2223 Empedoclem:
976 2121 1116 2204 Ἰάδες
1142 2121 1198 2216 δὲ,
1219 2126 1367 2225 inquit,

291 2246 348 2317 acl
381 2247 559 2319 Statellati
590 2273 671 2326 τινες
702 2243 839 2342 ὕστερον
862 2253 995 2320 Μοῦσαι
1024 2245 1283 2337 ξυννενοήκασιν,
1318 2247 1368 2323 ‘c'rt

292 2369 494 2462 copulem
516 2371 770 2464 ἀσφαλέστερον
794 2367 972 2465 ἀμφότεροι
994 2371 1049 2442 sol
1071 2371 1180 2466 λέγειν
1206 2369 1246 2448 ὡς
1268 2369 1309 2442 τὸ
1335 2369 1368 2442 ὃν

292 2487 435 2563 πολλά
463 2517 508 2562 τε
533 2493 604 2564 ael
629 2489 669 2566 ‘dv
693 2488 796 2582 ἐστιν,
821 2489 963 2590 ’ἔχθρᾳ
989 2490 1024 2568 δῖ
1050 2493 1106 2565 nal
1130 2493 1265 2589 φιλίᾳ
1291 2519 1370 2565 eov-

292 2612 424 2709 έχεται·
469 2609 696 2710 διαφερόμενον
730 2613 799 2711 γὰρ
835 2611 888 2686 ἀεὶ
922 2615 1151 2711 ξυμφέρεται,
1191 2616 1298 2708 <laon
1333 2618 1370 2689 al

292 2730 521 2831 συντονώτεραι
544 2740 605 2808 τῶν
628 2741 779 2810 Μουσῶν·
805 2739 841 2810 at
860 2732 899 2811 dl
921 2735 1154 2834 μαλακώτεραι
1178 2739 1216 2811 τὸ
1237 2741 1299 2831 μὲν
1315 2737 1370 2813 ἀεὶ

292 2852 385 2930 ταῦθ’
419 2854 520 2937 οὕτως
552 2861 645 2956 ’ἐχειν
674 2855 879 2957 ἓχάλασαν,
910 2855 949 2932 ὲν
974 2861 1095 2957 μέρει
1125 2858 1161 2936 tt
1186 2865 1284 2935 τοτὲ
1309 2865 1371 2955 μὲν

289 2979 332 3052 *ἓν
355 2972 461 3052 εἶναί
482 2984 570 3072 <Dera
590 2981 628 3053 τὸ
652 2983 720 3084 troie
744 2983 801 3054 sal
827 2981 924 3075 Φίλαν
947 2984 1002 3054 ὑπ’
1027 2981 1248 3080 Ἀφροδίτης,
1267 2987 1371 3058 τοτὲ

294 3097 339 3176 all
371 3100 518 3175 nollit
544 3104 600 3176 sel
624 3103 780 3196 πολέμιον
804 3103 884 3176 αὐτὸ
909 3105 999 3202 αὐτῷ
1023 3102 1083 3180 dtlt
1106 3105 1202 3187 νεῖκός
1231 3135 1264 3180 τι
1289 3109 1369 3182 ¹⁵⁰.

294 3223 453 3295 »lonicae
481 3238 516 3296 et
537 3224 675 3298 Siculae
697 3225 819 3298 Musae
837 3228 952 3298 tutius
974 3226 1131 3300 arbitrati
1153 3241 1240 3300 sunt
1264 3225 1371 3299 ambo

294 3343 377 3424 ista,
402 3369 534 3418 unum
559 3358 595 3418 et
619 3347 776 3437 multa,
800 3345 1032 3448 conjungere,
1057 3373 1214 3446 quarum
1231 3345 1369 3445 duplex

294 3479 347 3538 est
381 3466 569 3540 sententia:
607 3467 715 3541 altera
740 3467 891 3540 strictior
916 3461 1102 3565 Heracliti,
1137 3469 1203 3570 qui
1228 3482 1370 3560 censet,

293 3582 507 3659 universum
532 3612 671 3685 semper
695 3587 841 3661 distrahi
864 3589 969 3662 simul
988 3605 1024 3662 et
1043 3590 1236 3684 conciliari5
1259 3591 1370 3664 altera

295 3704 442 3779 solutior
478 3706 698 3806 Empedoclis
740 3712 945 3804 statuentis,
993 3711 1195 3785 alternis
1241 3711 1371 3785 modo

326 3891 399 3959 (156)
417 3896 521 3965 Emped.
541 3915 576 3951 rs
596 3899 628 3964 67
646 3919 683 3971 sq.

326 3981 399 4050 (157)
417 3987 490 4039 ldem
508 4002 554 4038 ras.
573 3988 618 4052 167
637 4007 691 4061 sqq.

291 4077 295 4084 '
329 4072 401 4142 (rto)
418 4074 490 4128 Plato
514 4075 626 4146 Sophist.
647 4097 670 4149 p.
696 4081 741 4144 alra
763 4083 831 4135 ΠΕ.
852 4083 1366 4156 CitatlmncSimpllc.Plrys.l‚l.1rll.
