2952 4836
240 431 308 518 ‚408
638 433 686 486 nn
710 435 924 487 menuctus

245 612 303 683 καὶ
328 605 377 682 να
404 606 498 682 tua
522 603 668 700 σώματα
696 603 814 680 πάντα
843 604 892 679 τα
916 605 990 700 περὶ
1019 601 1074 692 rio
1097 603 1180 699 γῆν,
1203 603 1239 672 οὐ
1260 602 1322 697 μὴ

247 731 509 828 κεκραμένων
533 751 579 826 γε
600 725 642 803 δι’
663 725 836 819 ἀλλήλων,
861 725 958 803 ἄλλα
985 720 1076 799 κατὰ
1099 719 1203 819 μικραὶ
1225 721 1324 818 μόρια

247 857 559 951 παρακειμένων
582 877 621 924 τε
641 853 698 926 καὶ
716 847 999 943 dandorum
1029 847 1128 919 Ratio
1148 843 1228 943 ejus
1243 867 1326 916 sen·

247 979 379 1052 tentiae
401 973 527 1048 eadem
547 973 691 1048 videtur
708 995 783 1047 esse
804 995 915 1072 quam
932 967 1036 1042 modo
1052 965 1224 1059 vidimus3
1241 991 1326 1038 nom

248 1098 404 1174 mixtio
427 1097 502 1173 sive
524 1099 640 1195 aprico
655 1097 798 1196 proprie
815 1092 907 1166 dicta
931 1091 1131 1164 mutatio
1147 1086 1326 1188 quaedam

249 1237 316 1314 eet,
351 1245 424 1322 qua
461 1221 578 1296 variae
615 1243 672 1291 res
707 1231 874 1290 naturam
910 1239 1012 1288 suam
1039 1213 1134 1286 inter
1157 1234 1328 1282 commu-

247 1347 407 1418 nicantes
426 1363 563 1417 novum
583 1337 673 1438 quid
699 1335 875 1428 efficiunt3
903 1336 1089 1408 mutatio
1121 1345 1245 1406 autem
1268 1356 1328 1404 ee-

248 1465 411 1540 cundom
433 1458 685 1561 Empedoclem
706 1461 745 1531 in
768 1483 891 1532 rerum
914 1455 1043 1530 naturd
1064 1453 1177 1530 nulia.
1227 1456 1328 1546 Quo·

247 1587 340 1659 circa
367 1587 397 1657 si
423 1585 599 1658 elementa
625 1596 663 1655 et
689 1605 834 1681 corpora
862 1579 1036 1656 misceri
1057 1577 1159 1668 dicit,
1185 1576 1223 1650 id
1252 1603 1327 1650 non

247 1693 332 1781 tam⁰
346 1703 468 1780 subtili
496 1705 635 1777 ratione
658 1727 769 1799 quam
791 1701 931 1802 vulgari
950 1727 1058 1776 renen
1079 1699 1325 1799 accipiendum

246 1837 311 1906 ita:
334 1825 509 1903 elementa
536 1826 574 1896 in
599 1847 720 1898 uuum
739 1824 922 1922 componi,
941 1824 1074 1924 cuique
1094 1849 1159 1897 ena
1181 1847 1222 1895 ac
1240 1847 1326 1920 pro-

247 1955 323 2050 pria
346 1965 475 2023 natum
495 1959 643 2022 servata.

740 2241 839 2324 §an

362 2489 425 2560 De
437 2485 680 2586 formationis
699 2485 889 2582 principio
915 2488 993 2558 cive
1017 2485 1074 2584 τῷ
1096 2483 1218 2584 λέγω.

297 2686 378 2758 Jam
414 2681 692 2771 elementorum,
731 2679 869 2779 quibua
904 2705 1048 2779 corpora
1085 2681 1327 2772 continentur,

248 2805 407 2882 indolem
433 2817 470 2876 et
494 2799 733 2874 conditionem
758 2797 1078 2893 consideravimus;
1104 2799 1261 2877 vidimus
1287 2829 1328 2875 ea

249 2924 404 3001 naturali
427 2935 529 2996 motu
551 2921 712 3012 incitata,
736 2921 1028 3022 unumquodque
1051 2926 1108 2997 oui
1130 2924 1245 2998 simile
1263 2951 1330 3022 ap·

249 3063 391 3149 petens,
422 3047 595 3117 instructa
622 3045 717 3141 poris
746 3041 883 3144 quibus
914 3044 1012 3118 aliud
1038 3071 1123 3120 cum
1154 3046 1222 3121 alio
1255 3073 1329 3122 eece

249 3167 530 3244 communicent:
553 3167 602 3238 sic
622 3181 751 3251 cuncta
775 3168 874 3243 varie
892 3167 986 3240 inter
1007 3193 1045 3243 se
1065 3169 1216 3244 misceri.
1253 3171 1329 3244 Ita·

249 3317 325 3394 que
347 3289 533 3362 materiem
553 3290 656 3388 quasi
673 3301 832 3385 paratam
853 3287 1039 3384 habemus,
1060 3291 1159 3366 unde
1179 3307 1329 3365 naturae

251 3437 396 3512 corpora
415 3410 560 3483 formari
586 3423 735 3512 queant.
785 3407 854 3484 Sed
877 3407 1030 3485 adhaec
1054 3412 1240 3486 formanda
1263 3413 1331 3487 eti·

252 3565 311 3612 am
343 3533 438 3608 aliud
472 3529 561 3635 quid
593 3531 794 3634 postulatur
818 3560 930 3636 quam
958 3531 1104 3630 mixtio;
1132 3535 1330 3636 requiritur

252 3674 347 3735 certa
380 3659 531 3732 ratioet
561 3670 742 3752 structura
765 3681 839 3758 qua
862 3654 1023 3755 singulae
1048 3681 1105 3731 res
1126 3681 1195 3729 suo
1222 3681 1331 3756 quae·

253 3808 326 3884 que
350 3781 458 3854 modo
479 3781 698 3853 formentur:
727 3780 862 3880 quippe
884 3779 923 3850 in
952 3775 1020 3852 hoc
1041 3797 1117 3852 uno
1140 3803 1249 3852 omne
1270 3803 1330 3850 re-

253 3930 338 3978 rum
357 3901 565 3992 discrimen,
589 3901 628 3972 in
650 3897 717 3972 hoc
738 3901 881 4000 propria
901 3897 1079 4002 cujusque
1102 3914 1231 3974 natura
1253 3924 1328 3972 oer-

286 4124 345 4190 (44)
365 4123 449 4175 Galen.
471 4121 503 4176 de
521 4123 580 4175 uu.
598 4121 666 4174 hom.
685 4121 702 4170 l.
719 4121 736 4175 1.
752 4140 779 4192 p.
793 4126 880 4187 1071).
