2958 4822
489 403 572 452 VITA
596 405 641 452 nt·
663 405 808 455 srunns.
1144 399 1184 460 77

119 598 188 647 rans
213 569 408 671 impendit,
431 586 474 645 ut
491 575 556 646 ista
578 599 599 647 e
620 549 771 671 pulvere
794 590 1022 650 eruerentur.
1075 579 1185 652 Multa

120 697 240 786 novit,
268 719 400 794 parum
425 695 611 794 promovit.
661 693 896 771 Morellius
917 697 996 798 ejus
1017 700 1187 800 rogationi

117 817 323 910 obsecutus,
341 817 548 916 praecipuas
570 815 692 890 Italiae
714 813 942 894 bibliothecas
962 837 1187 920 perscruton-
1289 858 1290 864 1
1342 835 1345 845 '

118 937 173 1012 dns
189 937 354 1032 curavit;
377 936 459 1030 sed,
486 951 526 1010 ut
544 936 649 1012 focile
669 953 875 1038 exspectato
898 955 989 1036 erat,
1012 943 1102 1017 nibil
1126 947 1188 1018 in-

119 1061 231 1153 venit,
259 1059 332 1132 nisi
352 1061 542 1161 dnnspam
562 1059 634 1134 tale
655 1059 746 1160 quid
768 1086 841 1134 non
863 1087 1040 1155 narrasse,
1062 1063 1189 1140 dixisse
1227 1039 1231 1048 ι

118 1195 258 1257 tantum
289 1185 346 1259 καί
376 1213 449 1260 run
478 1191 538 1257 τοῦ
571 1180 831 1279 Ἐμπεδοκλέους
854 1187 936 1256 ²³⁸.
999 1185 1094 1260 Haec
1125 1199 1190 1261 nos
1273 1251 1277 1257 .

45 1393 50 1410 Ι
119 1318 287 1399 monent,
318 1331 366 1380 ne
382 1306 543 1380 -inonem
575 1329 675 1404 speon
710 1305 916 1399 foveamus,
945 1307 1006 1382 sed
1033 1313 1190 1382 contenti
1252 1403 1257 1412 Ι

119 1425 223 1500 dinus
260 1451 434 1504 vennam
466 1427 625 1530 reliquiis
659 1455 754 1530 quae
787 1429 825 1500 in
861 1443 1027 1505 veterum
1056 1429 1192 1527 scriptis

22 1618 25 1628 .
118 1545 293 1648 dispersae
317 1549 563 1649 reperiuntur.

161 1669 307 1746 Horum
338 1695 512 1748 ramnum
550 1673 703 1748 maxima
734 1699 834 1773 pars,
859 1687 912 1747 nt
936 1685 1192 1774 argumentum

117 1791 272 1887 indicat,
300 1791 346 1866 ad
375 1791 567 1895 Physica
601 1793 788 1869 referenda
819 1807 891 1888 est3
914 1793 1080 1896 plerique
1106 1819 1192 1871 vero

118 1916 214 1993 nullo
258 1913 357 2009 libri,
399 1940 422 1990 e
458 1943 532 2018 quo
573 1913 684 1991 sumti
725 1913 813 2004 sint,
855 1913 985 1988 indicio
1023 1915 1191 1990 citantur.

118 2037 180 2112 Sed
203 2035 411 2113 secundum
434 2035 532 2111 illam
554 2035 720 2110 carminis
743 2035 969 2128 divisionem,
989 2061 1100 2137 quom
1120 2061 1194 2109 mo·
1219 2047 1238 2108 “.

118 2159 159 2236 do
189 2159 412 2253 memoravi,
436 2159 650 2258 interpretes
681 2155 880 2258 fragmenta
914 2155 954 2229 in
986 2171 1058 2232 tres
1088 2155 1194 2232 libros

117 2281 384 2357 distribuerunt
415 2279 635 2382 singulisque
665 2281 775 2353 suu‘m
802 2277 1033 2380 adsignarunt
1060 2275 1191 2351 locum.

118 2407 167 2480 lta
187 2404 405 2481 Sturzius
424 2417 462 2479 et
480 2415 559 2504 post
574 2385 878 2496 eum,nonnullis
893 2399 1054 2490 mutatis,
1075 2401 1192 2472 Lom-

119 2525 402 2604 natnschius
432 2524 527 2599 fecit.
574 2521 644 2598 Sed
669 2519 843 2622 ejusmodi
868 2519 1054 2619 descriptio
1080 2545 1192 2620 quom

118 2647 269 2726 difficilis
306 2663 343 2723 et
380 2645 518 2722 lubrica
550 2645 615 2736 sit,
648 2643 687 2716 in
718 2655 863 2742 promtu
897 2653 949 2714 est
983 2639 1190 2741 intelligere.

119 2771 209 2847 Nam
230 2772 410 2872 primum,
428 2771 493 2843 etsi
513 2771 681 2844 universe
702 2763 785 2838 libri
803 2761 981 2863 cujusque
1002 2787 1193 2862 argumen-

121 2909 198 2971 tum
224 2895 405 2985 norimus,
432 2905 556 2965 tamen
581 2886 808 2989 singulorum
837 2883 1004 2960 terminos
1030 2899 1194 2958 accurate

120 3015 272 3092 delinire
298 3013 438 3090 difficile
466 2995 541 3104 est,
568 3024 649 3085 tum
681 3006 794 3081 multa
817 3006 1016 3106 fragmenta
1039 3007 1196 3081 citantur

122 3138 295 3238 abrupte,
317 3151 361 3211 nt
386 3135 579 3210 obscurum
606 3131 666 3224 sit,
688 3131 763 3231 quo
783 3151 952 3228 quaeque
970 3127 1196 3226 pertineant,

121 3257 280 3363 denique
296 3257 421 3333 eadem
436 3256 527 3331 dicta
543 3251 763 3353 eaedemque
774 3247 973 3324 sententiae
986 3245 1032 3321 cd
1042 3245 1197 3331 diversas

122 3408 228 3484 saepe
259 3407 317 3456 res
348 3377 507 3455 adbiberi
532 3389 701 3476 potuero:
736 3370 902 3473 quocirca
927 3367 1102 3468 ejusmodi
1126 3367 1199 3442 de·-

124 3504 264 3604 ocriptio
284 3527 357 3576 non
375 3513 490 3602 potest
506 3523 579 3574 non
597 3495 721 3594 multis¹
737 3489 890 3569 obnoxia
909 3515 985 3566 esse
1003 3488 1196 3564 erroribus.

125 3623 234 3700 Plura
259 3625 368 3700 etiarn
390 3621 435 3697 ob
459 3621 526 3696 illis
547 3617 733 3693 manifeste
753 3629 840 3692 scuit
862 3625 1021 3714 peccata:
1046 3609 1200 3710 exempli

127 3747 254 3848 gratia,
267 3771 393 3824 versus
407 3769 473 3817 211
487 3730 570 3843 sqq.
590 3753 627 3816 et
644 3736 731 3813 alios
747 3735 868 3813 similis
886 3733 1090 3836 argumenti
1104 3733 1201 3806 Stur-

130 3869 203 3944 uins
221 3865 426 3968 conjecturis
441 3864 485 3939 ad
502 3865 637 3940 librum
652 3861 689 3936 11
704 3857 843 3955 retulit,
855 3883 974 3961 quum
984 3853 1200 3954 Simplicius,

131 3991 224 4092 quod
240 3991 350 4068 illum
372 3989 487 4090 fugit,
508 3985 639 4081 dnem
658 3995 824 4074 usnam,
844 4005 907 4054 eos
925 3975 1053 4053 &libro
1073 3975 1094 4094 1
1114 3975 1201 4074 pen-

161 4137 231 4206 (230)
249 4093 309 4190 tud
332 4135 418 4188 Stura.
438 4131 543 4202 linrpcd.
560 4147 586 4200 p.
608 4127 641 4194 76
657 4145 693 4198 oq.
