2958 4822
508 405 590 454 vrrs
612 405 659 453 rr
681 405 823 454 srunns.
1161 396 1202 460 67

130 575 491 650 venerationum.
542 575 636 674 Ergo
659 574 845 673 antiquam
871 572 968 647 illam
992 589 1029 648 et
1051 576 1201 674 patriam

127 697 347 770 Graecorum
374 693 580 796 religionem
605 692 837 794 Empedocles
859 693 1012 768 retinuit
1037 708 1075 768 et
1104 695 1201 770 cele-

125 807 258 912 brarit,
286 829 409 891 contra
442 815 590 892 alienior
618 815 731 891 fuisse
763 814 908 892 ridetur
936 844 957 890 a
987 817 1201 920 Dionysincis

125 940 187 1014 illis
207 940 336 1035 sacris,
355 965 449 1040 quae
466 964 509 1015 eo
530 953 689 1040 tempore
709 939 820 1038 magis
838 937 1022 1039 magisque
1043 937 1200 1014 invales-

124 1061 269 1157 cebant,
301 1078 340 1138 et
370 1089 529 1164 quorum
559 1062 662 1135 furor
686 1086 727 1134 ac
750 1059 918 1158 strepitus
941 1061 1140 1159 graviorem
1163 1062 1201 1134 'et

124 1182 332 1259 sedatiorem
361 1184 531 1283 Apollinis
561 1183 715 1292 cultum·
729 1180 929 1257 obruebant
949 1192 1033 1278 ¹⁹³3
1064 1185 1103 1256 in
1133 1183 1200 1258 hoc

122 1329 288 1406 quoque,
305 1321 349 1380 ut
369 1331 561 1406 germanus
579 1317 694 1397 vates,
711 1305 910 1400 priscorum
927 1319 1053 1396 vatum
1069 1331 1199 1380 exem-

122 1425 219 1524 plum
235 1427 410 1502 imitatus.
435 1427 628 1502 Caeterum
642 1427 768 1528 hymni
783 1429 822 1501 in
835 1425 1040 1528 Apollinem
1052 1431 1200 1530 antiquo

122 1573 215 1623 more
254 1548 472 1624 hexametris
505 1551 714 1650 praesertim
749 1553 912 1650 componi
948 1551 1107 1626 solebant
1122 1560 1201 1645 ¹⁹⁴,
1290 1615 1291 1618 ,

122 1669 252 1768 quibus
278 1671 441 1750 versibus
465 1673 574 1745 etiam
599 1671 831 1772 Empedocles
855 1673 1010 1748 maxime
1027 1699 1116 1750 usus
1134 1689 1199 1748 est.

613 1944 633 2028 ς
658 1947 712 2006 12.

168 2161 252 2235 Jam
283 2175 490 2261 sequuntur
518 2187 559 2234 ea
586 2165 759 2254 carmina,
788 2187 945 2262 quorum
977 2159 1097 2236 adhuc
1123 2161 1202 2236 reli-

122 2286 226 2384 quiae
251 2281 430 2383 quaedam
453 2299 659 2381 supersunt.
708 2378 716 2392 ,

166 2403 349 2502 Καθαρμοὶ
399 2405 515 2478 Erant
545 2401 649 2496 haec,
684 2419 729 2476 ut
765 2427 898 2477 nomen
932 2403 1084 2496 indicat,
1118 2431 1201 2480 car-

122 2531 217 2602 mina
245 2523 425 2617 lustralia,
452 2551 547 2626 quae
575 2524 742 2602 valebant
765 2523 809 2597 ad
831 2525 990 2598 Deorum
1015 2525 1106 2600 iram
1134 2526 1203 2602 de·-

122 2647 361 2747 precandam,
395 2646 526 2723 scelera
563 2646 758 2748 expianda,
794 2644 1028 2741 calamitates,
1064 2647 1204 2724 morbos

15 2807 18 2838 ·
123 2769 264 2872 aliaque
293 2767 386 2844 mala
416 2769 572 2844 sananda
604 2783 641 2843 et
672 2767 876 2844 avertenda.
939 2767 1124 2844 Canebant
1162 2797 1203 2844 ea

123 2908 219 2968 vates
268 2905 308 2966 et
352 2890 566 2982 sacerdotes,
615 2892 679 2992 qui
724 2893 827 2990 quasi
869 2889 992 2968 divino
1031 2892 1205 2966 instinctu

123 3013 249 3106 afflati,
278 3013 422 3113 auspice
445 3011 655 3114 praesertim
680 3011 844 3114 Apolline
862 3021 940 3106 ¹9⁵,
962 3012 1204 3088 calamitatum

123 3161 262 3211 mussas
288 3133 530 3237 expiandique
556 3133 679 3209 modos
711 3135 972 3234 perspicerent,
995 3133 1111 3236 qualis
1132 3135 1204 3210 luit

123 3259 158 3330 in
187 3259 313 3358 primis
342 3257 520 3361 Cretensis
541 3255 787 3356 Epimenides,
810 3259 875 3356 qui
901 3257 988 3332 item
1015 3255 1204 3356 καθαρμοὺς
1257 3331 1262 3340 .

123 3379 286 3456 versibus
318 3377 517 3480 composuit
534 3379 613 3449 ¹⁹⁶.
664 3378 753 3452 Inde
781 3379 853 3478 jam
889 3380 1058 3455 universe
1087 3378 1203 3479 colligi

15 3647 16 3650 Ἴ
157 3579 231 3648 (spa)
254 3576 312 3630 vid.
338 3577 418 3630 Ulrici
441 3594 483 3645 op.
505 3577 573 3628 land.
597 3576 656 3626 lect.
678 3576 757 3637 X1X3
775 3575 869 3628 Milller
885 3576 948 3628 Dor.
967 3577 988 3627 1.
1007 3591 1031 3642 p.
1050 3574 1107 3627 365.
1142 3579 1201 3628 Non

15 3653 17 3704 l
126 3683 187 3720 vero
205 3669 369 3739 probandum
385 3667 457 3738 quod
474 3667 559 3718 Stura.
575 3665 591 3716 1.
611 3664 626 3716 l.
646 3671 735 3733 putat,
755 3663 872 3732 Apolline
889 3664 1025 3732 significari
1039 3668 1072 3717 τὸ
1086 3663 1203 3732 insum·

126 3773 196 3809 11111111
211 3760 327 3811 omnium
344 3755 509 3828 principium.
714 3804 716 3812 .

157 3847 229 3916 (193)
246 3847 296 3900 ud
312 3847 395 3900 Ulrici
410 3845 471 3899 lect·
489 3847 550 3898 xlv
569 3852 596 3896 et
613 3844 687 3896 XIX.

157 3939 228 4007 (194)
242 3935 374 3992 runnu
385 3936 418 3990 de
427 3937 493 3988 Mos.
503 3935 563 3986 Vol.
571 3935 606 3996 X,
614 3949 640 4003 p.
651 3931 699 3986 653
707 3931 792 3986 Reisk.
801 3935 833 3988 cf.
842 3935 945 3990 Miller.
956 3939 1017 3990 Dor.
1028 3939 1053 4000 1,
1063 3955 1088 4007 p.
1099 3938 1197 4008 34819.

158 4025 229 4094 (195)
248 4026 342 4094 Apollo
351 4025 569 4096 eratqumllleus
582 4029 735 4094 ιαθαρτής.
758 4025 926 4080 sinuntur.
938 4025 1200 4098 ibidem.p.tatsqq.

160 4116 230 4184 (196)
245 4117 330 4172 Testis
343 4115 437 4170 Strabo
448 4117 489 4180 X,
502 4134 530 4186 p.
541 4117 591 4186 479
601 4119 630 4171 G.
648 4117 686 4169 Cf.
697 4116 803 4168 omniuo
814 4113 910 4190 mitet,
922 4115 981 4170 lect.
991 4117 1062 4172 XIX.

1011 4208 1055 4283 δὴ
