2950 4822
260 369 322 434 172
454 417 456 430 Α
652 374 929 426 comprimus

256 547 335 608 libro
354 547 417 620 111,
446 541 498 602 ubi
521 541 558 601 de
581 541 681 601 anima
704 543 816 624 agitur,
845 565 900 626 ego
922 543 961 604 ad
983 547 1121 606 carminis
1139 547 1258 609 initium
1281 569 1334 610 re-

256 647 416 711 trahendos
435 647 546 708 censui.

296 757 358 814 Vss.
380 751 485 814 3240.
526 758 667 818 mosomi
680 783 720 795 -
736 756 836 831 ὄρωρε.)
875 751 1006 814 Dubium
1025 763 1128 813 utrum
1145 755 1208 835 ipse
1229 753 1333 836 philo-

256 856 367 939 sophus
394 855 468 917 haec
493 855 650 939 loquatur,
677 877 717 916 an
745 857 842 918 Deum
865 857 996 942 aliquem
1018 857 1115 941 fingat
1136 858 1332 942 loquentem,

256 964 331 1024 sicut
350 959 538 1024 Parmenides
564 980 606 1020 vs.
635 959 675 1021 22
701 983 764 1045 sqq.
806 963 868 1024 lloc
899 985 964 1024 non
990 961 1188 1045 improbabile
1213 964 1333 1037 visum,

255 1087 320 1127 non
340 1063 431 1127 modo
451 1063 491 1125 ob
511 1065 654 1126 sermonis
674 1067 864 1148 paritatem,
890 1067 942 1128 sed
967 1069 1057 1128 etiam
1080 1075 1201 1150 propter
1224 1065 1334 1126 ultima

255 1171 308 1232 illa
335 1169 442 1232 verba:
472 1182 507 1236 ct
535 1172 581 1238 οὖν
611 1175 672 1236 teo
701 1171 747 1236 ὅδ’
778 1177 927 1249 ἑλώδης,
961 1193 1038 1256 qnae
1058 1169 1097 1230 ad
1117 1167 1333 1253 Empedoclem

254 1277 465 1358 potiusquam
485 1273 524 1334 ab
544 1275 609 1357 ipso
623 1273 703 1336 dicta
716 1273 868 1336 videntur.
907 1275 1173 1338 Finxeritsortaase
1186 1273 1331 1356 exemplo

254 1379 452 1454 Parmenidis,
475 1400 505 1440 se
525 1401 543 1440 a
563 1379 622 1440 Diis
642 1387 816 1460 προπέμποις
836 1401 876 1442 ex
896 1391 983 1442 antro
1003 1381 1037 1440 in
1057 1379 1158 1440 lucem
1174 1389 1329 1453 evectum,

254 1489 366 1551 lusam
394 1487 537 1550 audivisse
563 1511 662 1550 rerum
686 1512 795 1551 arcana
818 1489 874 1551 sibi
896 1489 1093 1574 pandentem.
1133 1489 1231 1549 lusae
1256 1507 1330 1546 suae

254 1593 368 1674 saepius
384 1593 536 1668 meminit,
548 1603 635 1655 utvs.
647 1593 701 1671 43,
720 1593 760 1654 85
766 1616 776 1672 3
794 1594 900 1655 clarius
916 1594 1006 1655 etiam
1022 1615 1063 1654 rs.
1079 1592 1155 1654 164:
1173 1600 1233 1660 testi
1251 1601 1331 1671 πέμ

254 1704 337 1776 μῦθον
358 1702 490 1772 muru.

294 1803 342 1862 Vt·
364 1801 414 1862 ³2·
455 1813 599 1870 erasmi
622 1810 780 1884 τιλίμιι.)
819 1815 970 1884 nuttam,
998 1803 1209 1886 {nullipendas
1227 1801 1333 1883 succl-

254 1915 342 1977 suae,
372 1915 407 1965 ut
430 1905 508 1968 bene
534 1908 746 1990 interpretatur
772 1901 921 1986 Sturuius;
951 1907 1056 1969 eodem
1082 1927 1171 1966 sensu
1198 1927 1238 1967 vu
1269 1904 1331 1966 49:

252 2015 324 2091 dipsa
343 2021 538 2093 τιμπιλίμῃ.
581 2013 689 2074 Parum
710 2023 790 2074 recte
809 2011 961 2075 Fabricius
982 2010 1020 2072 ad
1041 2011 1123 2071 Sext.
1142 2011 1252 2092 Empir.
1268 2009 1291 2070 l.
1306 2009 1331 2074 l.

253 2141 283 2203 p.
312 2119 388 2198 397,
417 2121 550 2206 explicat
579 2145 746 2186 mmmm
777 2145 838 2208 qua
858 2143 958 2184 rerum
978 2121 1133 2182 veritatem
1153 2119 1245 2180 homo
1266 2139 1333 2179 me·

254 2225 354 2286 tiatur.
375 2263 415 2276 -
435 2233 583 2306 mmm-lg
602 2230 722 2311 proprie
742 2228 852 2288 dicitur
873 2226 910 2288 de
930 2227 991 2304 via,
1012 2225 1129 2286 semita:
1152 2225 1269 2284 Homer.
1291 2223 1332 2285 ll.

253 2359 286 2405 n,
309 2329 384 2408 14³5
407 2333 489 2392 unde
510 2333 668 2395 commode
688 2334 862 2395 transfertur
883 2331 922 2392 ad
947 2352 1070 2406 sensus,
1092 2331 1145 2414 qui
1166 2339 1237 2390 suut
1257 2349 1333 2412 cog-

252 2434 396 2496 noscendi
416 2437 489 2497 riae.
530 2439 596 2498 Huc
616 2449 761 2520 spectasse
780 2436 897 2498 videtur
919 2435 1091 2496 Lactantius
1111 2436 1174 2508 111,
1196 2432 1250 2508 28,
1273 2431 1329 2493 122

254 2539 466 2622 »Empedocles
486 2552 670 2624 angustas
690 2563 751 2603 esse
767 2562 909 2604 sensuum
930 2540 1083 2600 semitas
1097 2539 1245 2622 queritur3
1261 2545 1334 2596 tan-

253 2663 344 2725 quam
364 2643 408 2703 illi
429 2643 468 2704 ad
485 2645 681 2727 cogitandum
697 2643 791 2706 rheda
804 2655 834 2705 et
846 2643 996 2728 quadrigis
1010 2663 1087 2724 opus
1099 2639 1204 2702 esset.”
1245 2649 1331 2719 γυῖα.

252 2747 395 2822 mesum,
416 2749 576 2830 praecipue
596 2769 717 2824 smus,
736 2759 770 2809 ut
794 2769 834 2808 vs.
857 2747 913 2808 53:
935 2757 1016 2830 yolus
1036 2757 1139 2816 πῖστιν.

293 2853 340 2913 Vt·
371 2852 420 2912 33·
462 2865 563 2920 πολλὴ
592 2859 623 2921 l?
653 2855 715 2921 δεῖν’
745 2858 876 2934 luxua)
925 2853 1040 2916 Fabric.
1074 2852 1121 2913 ed.
1156 2857 1331 2930 Σειλεμπῖὶις

252 2957 313 3019 llos·
343 2963 513 3038 δοιλεμπίις
545 2959 646 3043 steph.
677 2961 757 3022 Potes.
788 2959 864 3043 phil.
884 2959 1020 3028 correxit
1047 2959 1109 3025 δείν’
1140 2963 1224 3026 iscus
1254 2959 1333 3017 licut

251 3059 359 3143 legitur
378 3063 411 3122 in
429 3065 476 3126 ed.
502 3064 598 3126 Procl.
621 3067 653 3124 iu
674 3065 750 3126 Tim.
772 3064 794 3124 l.
814 3063 835 3123 l.
856 3062 986 3146 Scaliger
1007 3073 1070 3122 not.
1088 3065 1120 3122 in
1137 3059 1240 3144 Steph.
1260 3061 1331 3132 liss’

251 3171 365 3242 lucca.
393 3167 477 3252 quod
503 3169 593 3230 etiam
622 3169 655 3228 iu
681 3189 736 3229 ms.
764 3167 858 3251 Leyd.
887 3166 1036 3244 exaravit,
1069 3166 1198 3226 Sturriua
1236 3163 1333 3224 edidit

251 3273 314 3339 δείν’
332 3277 436 3340 luscos.
478 3273 579 3355 Nuper
598 3273 702 3355 Bergk.
719 3271 849 3354 conjecit
867 3271 931 3338 δείν’
949 3277 1058 3350 lucca,
1079 3271 1189 3342 eloam
1210 3267 1330 3330 Preller.

251 3379 321 3444 δείλ’
337 3383 421 3450 ἕω,
437 3399 531 3460 procu
551 3379 647 3438 ando.
678 3377 792 3438 Horum
810 3375 887 3436 nihil
907 3375 1055 3436 safissacit.
1073 3371 1199 3434 Fabricii
1216 3383 1248 3432 et
1260 3393 1329 3432 mss.

250 3482 337 3544 lectio
365 3483 522 3544 manifesto
551 3483 651 3542 vitiata
681 3493 739 3558 est5
769 3479 912 3564 Stephani
923 3525 932 3556 ,
962 3479 1103 3562 scaligeri
1131 3477 1196 3537 rell.
1226 3497 1332 3537 emen-

251 3586 384 3650 dationes
406 3585 536 3670 fiigidae
549 3595 639 3662 sunt;
665 3585 822 3668 pleraeque
844 3585 936 3644 etiam
955 3594 1049 3644 metro
1073 3591 1230 3665 puguant,
1250 3581 1331 3640 inse.-

250 3691 345 3753 tendo
367 3691 468 3752 hiatu:
493 3701 532 3758 sd
552 3717 586 3756 cs
606 3694 699 3768 ὶμβλ.
739 3691 802 3752 ileo
822 3687 967 3750 arbitratu
992 3688 1095 3770 scripsi
1115 3687 1178 3754 δείν’
1200 3691 1328 3764 taxare,

184 3793 189 3800 ’
251 3795 333 3878 quod
358 3815 429 3855 cum
452 3817 469 3856 a
496 3793 583 3855 codd.
606 3793 701 3854 ductu
724 3793 802 3854 nihil
824 3813 920 3876 paene
947 3791 1111 3874 discrepat,
1137 3803 1202 3851 tum
1230 3793 1330 3850 sensui

251 3900 434 3980 aptissimum
459 3909 510 3960 est.
552 3877 686 3979 laxasse,
716 3899 787 3960 item
813 3904 975 3979 ςρὸμως,
1005 3895 1134 3956 occurrit
1161 3905 1226 3954 tum
1255 3891 1336 3954 alibi.

251 4013 316 4062 um
336 4003 418 4087 apud
440 4002 581 4086 Aeschyl.
602 4007 707 4086 Apum.
732 4001 790 4064 180
812 4001 913 4086 (195)=
943 4007 1073 4080 lpsalose
1098 4007 1226 4080 τύχαισι.
1253 3995 1328 4058 ibid·
