2968 4838
573 411 813 462 rumorum.

642 725 661 806 ς
684 727 737 786 aa.

512 953 558 1014 Ill]
579 953 691 1018 statut
712 957 861 1018 nlvtttls.

354 1139 414 1208 De
438 1139 510 1210 diis
517 1192 531 1225 ,
556 1139 794 1212 daemonibus
820 1154 855 1212 et
879 1143 1024 1212 animas.

197 1307 377 1380 Hactenus
394 1308 652 1400 enarravimus,
666 1309 842 1408 quomodo
854 1307 1097 1407 Empedocles,
1114 1338 1133 1382 a
1150 1338 1224 1384 cer·

142 1431 190 1499 tis
212 1427 393 1524 profectus
413 1429 610 1528 principiis,
632 1455 678 1503 ex
698 1428 751 1502 his
769 1455 913 1504 omnem
933 1429 1062 1504 mundi
1080 1455 1224 1505 rerum-

145 1573 222 1646 que
243 1547 447 1622 mortalium
467 1563 633 1623 naturam
650 1549 878 1649 explicuerit:
901 1553 938 1624 in
955 1550 1089 1651 quibus
1106 1552 1226 1626 faten-

144 1669 237 1740 dum
255 1693 340 1741 sane
356 1693 458 1762 eum,
471 1670 596 1768 paucis
608 1672 778 1769 exceptis,
793 1673 927 1770 optimc
939 1671 1003 1746 sibi
1015 1697 1223 1772 congruere.

146 1790 285 1881 Restat,
314 1805 358 1864 ut
386 1789 431 1862 de
453 1803 582 1864 natura
606 1791 726 1864 divina
749 1792 838 1892 quid
860 1796 1008 1868 senserit
1028 1794 1225 1870 videamus.

81 1981 85 1992 ,
195 1911 277 1986 lam
311 1937 419 2011 supra
448 1911 786 2004 animadvertimus,
817 1915 1069 2012 Empedoclem
1101 1915 1224 1989 eadem

149 2033 271 2106 fecisse
304 2058 428 2106 rerum
462 2032 668 2110 divinarum
706 2059 747 2105 ac
772 2033 1014 2108 humanarum
1037 2037 1224 2134 principia:

146 2156 195 2227 sic
212 2179 397 2228 summum
413 2156 522 2228 totius
540 2169 704 2246 naturae,
726 2155 893 2230 universa
909 2155 1011 2232 velut
1028 2155 1067 2227 in
1086 2179 1123 2228 se
1138 2183 1226 2230 con-

146 2277 282 2366 tinens,
311 2277 510 2374 ὁσφαιῖρας,
539 2303 703 2350 summus
735 2290 789 2350 est
814 2277 926 2367 Deus,
958 2277 1050 2348 sicut
1081 2275 1125 2349 ab
1151 2279 1225 2377 ipso

146 2397 346 2496 appellatur
362 2413 396 2470 ¹:
430 2427 542 2500 quem
566 2401 685 2472 Deum
705 2397 817 2497 tangit
843 2396 1060 2491 Aristoteles,
1084 2397 1224 2488 dicens,

146 2545 191 2593 ex
230 2521 451 2620 Empedoclis
495 2522 629 2595 ratione
661 2517 902 2592 beatissimum
933 2540 1073 2592 numen
1104 2521 1226 2593 minus

145 2641 304 2740 perfecto
328 2641 484 2741 gaudere
504 2640 689 2714 intellectu
711 2665 821 2740 quam
847 2638 1004 2740 reliquas
1029 2653 1176 2714 naturas
1191 2651 1222 2712 ².

145 2761 254 2835 Porro
283 2761 332 2834 dii
358 2777 445 2836 sunt
469 2775 625 2863 quatuor
646 2760 838 2852 elementa,
871 2759 1000 2834 divinis
1021 2759 1226 2834 nominibus

147 2881 289 2981 abipso
311 2885 569 2983 cognominata:
598 2879 751 2980 Jupiter,
778 2881 800 2952 J
804 2907 892 2974 uno,
925 2881 1057 2972 Hades,
1090 2881 1225 2976 Nestis,

145 3007 232 3076 item
264 3007 430 3078 Amicitia
465 3019 502 3079 et
536 3001 712 3076 Discordia
740 3013 771 3074 ³.
836 3002 981 3076 Praeter
1019 3004 1100 3076 istos
1141 3027 1224 3077 vero

146 3125 269 3220 plures
303 3126 411 3198 etiam
443 3125 596 3226 agnoscit
629 3122 730 3215 deos,
768 3121 973 3196 mortalium
1005 3127 1115 3196 instar
1146 3121 1222 3196 cle·

147 3259 351 3320 mentorum
373 3244 598 3320 concretione
622 3245 802 3317 formatos:
827 3243 913 3316 iude
936 3247 1033 3317 enim
1042 3299 1056 3332 ,
1081 3245 1201 3343 inquit
1209 3298 1222 3332 ,

143 3367 359 3438 exstiterunt
381 3369 524 3439 omnia:
592 3446 595 3452 ¹

193 3483 327 3586 δένδρεά
352 3491 383 3561 τ’
407 3484 606 3582 ἐβλάστησε
631 3492 688 3564 καὶ
712 3489 819 3585 ἀνέρες
843 3485 898 3578 lta
923 3491 1095 3588 γυναῖκες,
1116 3547 1123 3564 .
1150 3547 1157 3562 .
1188 3554 1194 3562 .

193 3612 248 3684 aaz
272 3639 310 3685 τε
334 3609 399 3687 tat
424 3608 636 3711 toarxatoa
661 3615 777 3709 τιμῇσι
800 3615 951 3708 φέριστοι
967 3623 998 3684 ⁴.

176 3839 218 3894 (r)
236 3833 292 3884 vid.
309 3849 385 3902 cupra
404 3851 429 3903 p.
446 3834 502 3886 316.

176 3923 218 3987 (a)
235 3921 267 3974 Ut
284 3924 423 3977 memorari
440 3941 518 3992 supra
535 3941 561 3993 p.
577 3924 636 3993 497,
653 3931 705 3975 ηοῑ.
723 3923 777 3985 317.

176 4011 217 4078 (3)
235 4010 291 4063 Vid.
309 4031 386 4083 supro
404 4029 429 4083 p.
445 4011 496 4075 344
513 4020 540 4065 et
556 4011 613 4076 347.
673 4005 675 4012 “

177 4101 216 4166 (4)
234 4103 338 4172 Emped.
356 4119 405 4156 rra.
426 4101 543 4156 133135.
