2952 4836
541 405 779 456 nantoacensi.
1129 393 1190 458 sot

130 573 324 650 Discordiae
362 573 566 672 praecipuas
601 573 725 646 tribuit
755 586 891 672 partes,
928 573 1040 648 multa
1077 588 1196 658 tamen

131 698 323 770 necessitati
346 709 381 769 et
400 697 495 768 casui
518 694 661 794 reliquit
677 705 755 766 ¹⁴⁴.
798 695 955 768 Fortuna
978 710 1098 770 autem
1123 699 1197 770 sive

133 843 230 892 casus
261 818 350 918 quid
379 831 441 892 aut
470 815 577 918 quale
601 816 647 889 sit
675 841 747 888 non
776 815 971 914 quaesivit,
998 843 1065 889 neo
1087 819 1198 917 ipsam

132 953 301 1039 tanquam
329 963 486 1014 caussam
518 953 682 1037 agentem
713 936 770 1014 vel
794 937 904 1010 Deam
927 951 1076 1011 naturae
1100 937 1199 1012 arbi-

131 1073 219 1132 tram
240 1061 384 1135 induxit
399 1071 476 1134 ¹⁴⁵.

127 1209 130 1218 ·
176 1182 283 1272 Quod
306 1183 350 1256 ad
371 1185 681 1256 necessitatem
704 1182 844 1275 attinet,
866 1182 975 1281 hujus
997 1185 1082 1255 item
1104 1181 1199 1280 apud

132 1301 380 1402 Empedoclem
410 1285 548 1402 saepius
576 1303 710 1376 mentio
732 1305 781 1376 fit.
830 1302 892 1375 Illa
913 1316 966 1376 est
986 1329 1079 1403 quae
1103 1304 1199 1374 Ami·

133 1421 233 1496 citiae
253 1439 291 1498 et
312 1423 510 1498 Discordiae
532 1425 624 1498 vices
651 1425 749 1524 regit,
773 1449 867 1523 quae
890 1423 1018 1496 mundi
1041 1422 1200 1496 ordinem

132 1557 167 1616 ct
188 1547 436 1629 mutationem,
456 1571 551 1647 quae
574 1571 695 1619 rerum
718 1545 921 1620 mortalium
944 1543 1201 1621 vicissitudines

132 1667 224 1739 certa
246 1666 325 1766 lege
348 1665 562 1740 moderatur.
609 1669 768 1740 Deorum
790 1665 928 1740 decreta
947 1665 1100 1764 appellat
1120 1667 1138 1738 f
1143 1670 1203 1738 ati

132 1785 240 1884 jussa,
280 1802 411 1861 mutuo
437 1786 517 1885 jure
548 1787 700 1885 jurando
737 1789 889 1879 sancita,
919 1787 1054 1888 quibos
1082 1813 1203 1860 omnes

132 1907 376 2008 obtemperant
392 1911 470 1982 ¹⁴⁶.
509 1907 600 1980 Hinc
617 1907 787 2006 placitum
798 1907 1006 2006 Empedocli
1015 1908 1204 1999 tributum,

131 2031 271 2102 comnia
307 2029 379 2101 fato
411 2027 487 2100 fieri
520 2029 588 2117 ita,
621 2042 664 2100 ut
691 2027 728 2099 id
752 2029 867 2100 fatum
893 2029 968 2103 vim
993 2030 1205 2102 necessitatis

133 2148 312 2243 afferret,”
337 2149 527 2222 ut·Cicero
552 2148 655 2238 dicit,
678 2149 743 2248 qni
768 2163 813 2240 et
827 2148 910 2222 alios
935 2164 1098 2223 veterum
1114 2149 1205 2249 phy-

132 2273 281 2346 simrum
300 2271 395 2344 idern
411 2272 556 2343 sensisse
578 2269 701 2361 tradit,
725 2283 767 2342 ut
785 2269 1003 2344 Heraclitum
1020 2286 1057 2344 et
1073 2273 1205 2344 Demo-

133 2394 261 2484 critum
282 2399 360 2464 ¹⁴⁷.
412 2391 612 2488 Simplicius
636 2389 884 2463 Necessitatem
909 2415 1084 2463 unacum
1102 2393 1206 2464 Ami-

132 2514 209 2584 citia
227 2528 263 2586 et
282 2511 456 2586 Discordia
474 2513 567 2583 inter
584 2507 773 2583 efficientes
792 2535 930 2582 caussas
945 2525 1112 2584 numerat
1127 2515 1205 2582 ¹⁴⁸.

133 2635 232 2726 Quae
256 2647 379 2706 autem
405 2635 448 2704 sit
473 2630 567 2704 illius
593 2645 720 2702 natura
745 2645 781 2702 ct
804 2632 873 2716 vis,
895 2656 1024 2728 parum
1040 2645 1206 2704 constan-
1299 2665 1300 2670 ¹

134 2765 185 2824 ter
205 2753 393 2828 definiunt.
447 2751 617 2824 Stobaeus
639 2752 769 2851 aliique
790 2753 970 2843 11(νούσὶ1111
985 2755 1042 2842 τῆς
1058 2749 1206 2853 ἀνάγκης

134 2873 332 2948 secundum
348 2871 599 2972 Empedoclem
617 2872 708 2944 hanc
726 2899 800 2947 esse
817 2874 954 2947 dicunt:
975 2877 1081 2952 111τί111
1097 2903 1207 2976 χρησ-

135 2995 303 3086 111141τᾶ11
329 2995 444 3094 ἀρχῶν
467 2997 522 3068 sal
551 3003 612 3068 τῶν
627 2997 812 3094 ’στοιχείων
834 3006 910 3072 ¹⁴⁹.
943 2999 967 3070 i.
981 3024 1025 3070 e.
1050 3023 1207 3072 caussam

90 3191 92 3196 .
135 3143 224 3216 quae
245 3133 395 3192 naturae
412 3116 545 3194 viribus
562 3130 598 3189 et
616 3116 799 3190 elementis
818 3120 943 3210 utitur,
962 3120 1036 3195 sive
1052 3145 1093 3192 ea
1109 3121 1207 3221 regit:

167 3301 240 3368 (14.4)
257 3303 364 3353 Praeter
374 3302 443 3352 locor
458 3302 599 3353 Aristotelis
611 3310 637 3353 et
650 3302 782 3370 Philoponi
794 3304 847 3354 citt.
861 3319 937 3372 supra
950 3319 975 3370 p.
989 3299 1036 3352 331
1047 3317 1083 3370 sq.
1094 3301 1125 3351 cf.
1141 3303 1208 3353 1111·

137 3389 225 3442 toteler
237 3392 311 3462 Phys.
325 3393 364 3453 11,
378 3393 391 3453 4
404 3401 431 3443 et
441 3394 469 3452 6,
485 3409 511 3459 p.
522 3391 570 3442 166
581 3400 607 3442 et
619 3391 666 3459 269
677 3408 713 3461 aq.
727 3391 837 3460 Simplic.
855 3393 926 3459 Phys.
937 3395 977 3457 11,
990 3392 1006 3443 1.
1018 3391 1051 3443 83
1061 3394 1094 3450 B.
1108 3391 1208 3460 aliique.

166 3479 236 3547 (145)
254 3483 358 3532 Aristot
383 3481 399 3530 l.
426 3481 441 3532 l.
462 3479 675 3546 themistrius.
699 3497 766 3530 ausc.
794 3483 829 3533 11.
853 3482 869 3534 l.
895 3481 926 3532 25
951 3485 982 3532 B:
1009 3487 1154 3546 φαίνονται
1177 3482 1209 3540 ὦς

136 3571 243 3639 ἀληθῶς
261 3571 386 3636 011611μοῦ
403 3573 483 3638 λόγον
499 3574 680 3640 πεποιημένοι
694 3574 760 3640 περὶ
779 3573 863 3640 cirria
876 3573 1051 3645 (τῆςτύχης),
1071 3577 1119 3627 οὐκ
1135 3575 1209 3640 Ἐμ-

138 3668 286 3736 πεδοκλῆς,
306 3667 354 3718 οὐκ
374 3663 574 3735 Ἀναξαγόρας,
594 3665 642 3716 oris
661 3664 743 3724 ἄλλος
760 3685 809 3724 τις.
826 3665 857 3714 cl.
877 3667 973 3734 Philop.
994 3668 1067 3734 Phys.
1085 3669 1126 3726 11,
1145 3667 1173 3728 G,
1185 3685 1209 3736 9.

169 3757 241 3824 (146)
259 3760 316 3812 rid.
328 3759 433 3827 Emped.
447 3774 493 3810 res.
510 3774 519 3807 1
537 3774 573 3826 sq.
594 3757 626 3808 68
641 3765 668 3808 et
682 3757 723 3824 69
733 3757 765 3808 cf.
779 3757 865 3825 Simpl.
880 3757 955 3823 Phys.
969 3757 1070 3817 virts.
1087 3771 1133 3818 272
1146 3759 1172 3806 tt.

172 3851 181 3904 l
216 3859 240 3912 7)
259 3850 311 3900 cic.
327 3849 359 3900 de
377 3850 451 3910 Fato,
467 3863 491 3898 c.
519 3863 558 3910 17,
578 3847 622 3897 ubi
641 3863 690 3918 pro
710 3847 859 3899 Aristoteles
880 3845 898 3900 l'.
916 3847 963 3912 leg.
983 3850 1157 3913 Aaoaeoqoror.

188 3863 194 3894 l

171 3849 241 4000 (alst
257 3937 370 4008 Simplic.
388 3937 463 4004 Phys.
484 3940 536 3998 111,
555 3937 572 3988 f.
595 3953 640 4000 ¹07
659 3939 688 3985 Α.
707 3945 772 3989 extr.

103 4053 107 4064 ·
172 4023 329 4092 (14918101).
352 4028 405 4078 Ecl.
426 4031 455 4087 1,
479 4026 500 4077 5.
518 4043 544 4094 p.
565 4026 621 4077 1611.
651 4025 780 4095 Plutarcln
799 4025 832 4078 de
850 4027 919 4078 Plac.
935 4025 995 4094 ptit
1013 4029 1038 4088 1,
1061 4025 1105 4091 263
1128 4026 1212 4079 Galen.

143 4111 205 4165 tttsr.
222 4115 283 4184 phil.
305 4133 326 4168 c.
345 4116 376 4168 Χ
414 4117 483 4170 ttrer
501 4115 602 4172 Stolraei
621 4117 699 4179 loeus,
718 4119 739 4182 1,
758 4119 778 4169 3.
798 4135 825 4186 p.
841 4117 880 4178 60,
900 4124 1037 4187 corruptos
1055 4125 1101 4170 est.
