2952 4836
565 383 804 434 PHILOSOPHU-

638 673 658 757 ς
680 677 736 738 ιι.

197 913 234 986 Si
263 935 383 986 caussa
409 923 605 1009 quaeratur
632 937 705 1012 qua
730 911 867 986 factum
896 911 939 986 sit
966 913 1067 986 utin
1088 914 1224 990 mundo

146 1037 340 1108 innumera
365 1031 454 1104 haec
481 1057 656 1129 generum
679 1057 720 1104 ac
742 1045 955 1106 naturarum
977 1032 1169 1108 multitudo
1189 1051 1226 1110 et

148 1156 302 1228 varietas
337 1153 523 1244 exstiterit,
562 1151 793 1252 Empedocles
828 1152 966 1228 nuliam
995 1152 1100 1228 aliam
1124 1155 1226 1230 affert

148 1277 218 1350 nisi
244 1273 623 1349 elementorum-inter
641 1299 679 1348 se
701 1275 917 1348 mistionem:

250 1399 311 1472 τῶν
336 1393 376 1472 δέ
400 1422 438 1468 re
461 1395 690 1493 μισγομένων,
714 1398 806 1496 χεῖτ’
830 1393 919 1472 ἐ’θνειν
942 1400 1042 1496 eopia
1065 1395 1178 1489 θνητῶν

248 1519 403 1615 παντοίῃς
428 1514 551 1613 ἶᾶἕῃσιν
567 1509 736 1615 ¹riparius,
762 1514 874 1614 θαῦμα
897 1515 1021 1596 ἰδέσθαι
1039 1522 1095 1597 ⁵⁶.

149 1641 415 1730 ineratenim‚
443 1653 622 1737 utsupra
654 1638 826 1730 vidimus,
857 1641 895 1714 in
930 1642 1013 1740 ipsis
1044 1641 1228 1718 elementis

149 1763 265 1839 vitalis
290 1761 365 1856 vvis,
399 1785 494 1860 quae
520 1773 647 1857 sponte
674 1786 736 1834 suo
763 1759 896 1854 effecit,
923 1777 965 1834 ut
994 1763 1111 1838 vanae
1143 1765 1227 1838 ani-

149 1897 289 1958 mantes
323 1881 493 1981 variaque
522 1905 669 1978 corpora
695 1879 870 1982 principio
897 1883 1123 1976 exsisterent,
1153 1910 1226 1958 non

147 2004 197 2079 ob
226 2003 417 2078 utilitatem
448 2001 605 2100 aliquam
634 2027 702 2074 nec
727 2015 823 2076 certo
850 2003 992 2076 oonsilio
1021 2005 1160 2080 condita
1189 2019 1227 2080 et

148 2126 321 2216 formata,
355 2123 417 2200 sed
446 2122 544 2198 ultro
581 2148 622 2196 ac
655 2121 810 2196 naturali
844 2123 1000 2222 quodam
1037 2125 1225 2218 instinctu,

148 2247 271 2346 prouti
295 2244 413 2348 variae
436 2243 698 2320 elementorum
723 2261 842 2342 partes
866 2245 971 2320 variis
999 2243 1110 2318 modis
1133 2244 1228 2318 inter

149 2392 188 2442 se
228 2381 505 2460 concurrerent,
536 2365 601 2454 dnn
634 2367 824 2464 σννέκυρσεν
860 2363 993 2442 ἕκαστον
1021 2373 1039 2418 ⁵
1046 2371 1077 2442 ⁷.
1127 2366 1228 2458 Quin

146 2489 258 2564 ctiam
280 2513 322 2562 ea
344 2489 435 2587 ipsa,
459 2489 497 2560 in
522 2487 656 2587 quibus
680 2501 819 2562 certum
840 2487 994 2587 agnoscit
1013 2487 1228 2584 compositio·

148 2611 206 2685 nis
238 2609 388 2684 modum
420 2621 626 2709 certamque
669 2621 903 2700 structuram,
932 2607 1045 2684 veluti
1075 2607 1114 2680 in
1145 2629 1230 2682 san-

147 2731 280 2832 guiue,
299 2755 417 2826 carne,
434 2729 569 2806 mribus
585 2729 835 2824 describendis,
854 2743 975 2804 tamen
995 2729 1087 2802 sorte
1108 2729 1230 2804 coiisse

150 2851 359 2948 arbitratur,
384 2866 429 2928 ut
451 2853 525 2952 ipsa
549 2851 683 2954 quibus
708 2852 826 2926 utitur
841 2849 1023 2944 vocabula,
1042 2849 1231 2950 συνέκνρσε,

151 2979 285 3074 ἐ’λνιχε,
309 2973 484 3075 τυχόντι,
509 2975 670 3050 indicant
693 2977 751 3048 ⁵⁸.
803 2973 932 3072 Itaque
959 2974 1128 3048 universe
1156 2999 1230 3047 non

147 3097 258 3191 ratio,
277 3121 351 3172 non
368 3095 516 3196 prouida
533 3119 651 3192 mens,
669 3094 730 3170 sed
750 3091 922 3168 naturalis
940 3093 1147 3186 instinctus,
1159 3095 1232 3168 sors

151 3219 210 3294 rel
233 3219 439 3311 necessitas,
469 3217 670 3294 secundum
687 3213 940 3315 Empedoclem
966 3241 1070 3290 suam
1098 3215 1231 3316 cuique

152 3339 276 3438 generi
304 3351 471 3411 naturam
500 3339 725 3438 figuramque
751 3333 878 3408 tribuit
906 3341 964 3411 ⁵9.
1020 3337 1127 3428 Quae
1146 3360 1232 3411 vero

152 3461 202 3534 ita
228 3459 324 3534 ultro
349 3485 390 3532 ac
411 3471 547 3532 temere
570 3457 807 3550 exstiterunt,
840 3481 880 3531 ea
911 3481 1015 3556 porro
1038 3457 1137 3532 varie
1159 3457 1233 3563 fin7

153 3595 248 3680 gunt
280 3595 318 3654 et
352 3593 504 3658 tractant
539 3577 663 3654 ambae
690 3579 771 3655 illae
807 3577 935 3654 mundi
970 3575 1232 3670 moderatrices,

153 3703 316 3776 Amicitia
353 3717 390 3777 et
424 3700 615 3776 Discordia.
666 3701 823 3776 Eaedem
857 3701 955 3774 enim
992 3699 1102 3794 vires,
1138 3723 1232 3796 quae

185 3891 244 3959 (56)
260 3894 366 3962 Emped.
385 3909 423 3946 ιι.
444 3896 491 3946 ι8ιι
511 3909 549 3964 sq.

186 3979 246 4046 (57)
267 3982 342 4036 Idem
361 3999 399 4036 ιι.
418 3983 473 4036 ι36.

188 4069 245 4133 tte>
267 4071 339 4126 Idem
358 4089 408 4126 vas
430 4088 492 4135 ιιι,
514 4070 576 4134 ard,
597 4071 654 4124 sir.
