2952 4836
126 431 129 436 .
241 369 304 435 tto
630 385 678 430 on
702 381 919 431 nurnnocnrs

240 563 313 624 tam
334 547 454 626 divina
475 573 586 652 quam
607 549 765 624 humana
790 562 867 624 orta
887 547 971 621 dicit
991 556 1045 620 ⁷³.
1097 545 1205 639 Quod
1223 571 1318 620 eun-

239 671 321 744 dem
359 671 538 747 finitum
574 673 770 756 censuerit,
802 671 886 746 inde
917 669 1032 768 colligi
1061 682 1193 764 potest,
1221 669 1319 769 quod

241 790 362 890 ipsum
378 795 478 868 finito
499 807 659 868 constare
681 792 941 867 elementorum
962 817 1116 866 numero
1131 804 1168 863 et
1187 794 1319 890 praeci·

238 939 329 1011 puas
351 913 480 990 mnndi
508 929 640 1016 partes,
669 925 803 989 terram
827 927 865 988 et
888 913 1088 1006 aetherem,
1111 914 1216 987 certis
1237 913 1320 984 lini-

239 1035 311 1108 bus
342 1037 624 1136 oircumsoriptas
657 1035 774 1128 dixit,
806 1037 995 1135 increpans
1028 1061 1106 1126 eos,
1136 1035 1201 1136 qui
1233 1033 1321 1107 haec

238 1156 376 1232 infinita
398 1157 573 1233 auderent
596 1156 801 1256 praedicare
816 1165 873 1230 ⁷⁴.
924 1159 1091 1230 Attamen
1115 1155 1224 1230 rnulti
1247 1154 1322 1254 pla·

238 1277 392 1352 citorum
423 1280 609 1378 scriptores
642 1303 687 1352 ex
718 1275 941 1376 Empedoclis
978 1277 1152 1350 sententia
1191 1299 1321 1348 mun-

237 1397 341 1472 dum
380 1397 426 1472 ab
462 1400 682 1474 universo
715 1396 964 1498 distinguunt,
990 1397 1201 1498 ¹dicuntque
1237 1421 1319 1471 eum

238 1521 399 1594 statuisse
431 1520 554 1619 νόν-μον
585 1525 647 1617 μὲν
679 1518 759 1614 ἕνα,
792 1523 828 1593 οὐ
849 1519 963 1617 μέντοι
989 1519 1028 1595 sl
1060 1523 1133 1597 πᾶν
1160 1513 1239 1595 εἶναι
1268 1519 1322 1594 τὸν

238 1639 382 1735 κόσμον,
409 1641 488 1718 ἀλλ’
514 1643 628 1742 ὂλνγόν
655 1671 688 1718 τι
715 1650 775 1718 τοῦ
796 1643 923 1723 umbe
950 1641 1066 1741 μέρος,
1094 1644 1132 1718 τ)
1153 1639 1190 1720 tt
1209 1642 1322 1717 λννντδν

238 1761 347 1862 ἀρχὴν
375 1763 450 1840 sive
479 1763 559 1854 ὕλην
577 1771 633 1842 ⁷⁵.
664 1767 689 1838 i.
715 1789 748 1837 e.
776 1787 919 1838 ounnm
943 1765 1092 1864 quidem
1119 1763 1323 1876 mundum,

236 1883 338 1958 huno
360 1899 481 1958 tamen
503 1911 578 1959 non
602 1887 669 1958 nisi
691 1886 859 1986 exiguam
881 1911 957 1960 esse
978 1887 1138 1960 universi
1164 1899 1322 1984 partem

236 2005 375 2106 reliqua
397 2007 582 2081 materiem
607 2007 682 2084 sive
703 2005 964 2081 elementorum
986 2019 1103 2105 partes
1127 2030 1202 2079 non
1225 2007 1321 2080 mix-

236 2125 324 2201 tas.’'
373 2127 468 2202 Haec
493 2153 578 2204 vero
602 2125 726 2226 opinio
750 2139 886 2199 temere
912 2123 1035 2198 effecta
1065 2117 1194 2200 estex
1231 2127 1321 2198 Em-

185 2235 193 2244 *
235 2247 390 2350 pedoclis
424 2274 552 2342 versu,
581 2274 655 2349 quo
687 2245 791 2339 dicit,
824 2247 997 2343 principio
1026 2270 1170 2338 rerum,
1203 2273 1320 2346 quum

236 2371 398 2444 Amicitia
420 2367 559 2445 diversa
573 2368 750 2443 elementa
766 2365 1045 2466 conglutinaret,
1068 2366 1182 2441 multa
1199 2381 1319 2443 minen

235 2505 393 2591 separata
415 2493 601 2583 mansisse,
621 2487 820 2564 Discordiae
841 2488 877 2564 vi
901 2515 921 2560 a
944 2489 1040 2562 coitu
1062 2501 1200 2562 retenta
1216 2489 1272 2560 ⁷⁶:

307 2614 425 2689 aaut
445 2610 475 2690 δ’
499 2609 618 2710 ἤματ’
640 2607 763 2700 ἕστηκε
787 2613 1036 2709 νερνννομένννσιν
1064 2607 1235 2702 ἐναλλάξ,

308 2715 385 2814 t'rr’
410 2737 460 2812 ἔτι
484 2737 600 2816 Νεῖκος
624 2735 716 2833 ἔρυκε
740 2775 787 2794 ·-

269 2975 327 3042 (73)
343 2975 450 3045 Emped.
469 2991 505 3030 va.
526 2977 570 3028 132
588 2993 643 3048 sqq.

268 3064 328 3130 (74)
345 3064 609 3134 ldemvu.199·aor.
625 3065 805 3126 Quaestionem
819 3066 886 3117 hane
898 3066 980 3130 tangit
991 3063 1064 3114 Plato
1078 3061 1177 3130 Sisypln
1189 3077 1215 3130 p.
1229 3061 1278 3130 389
1293 3065 1319 3123 t,

233 3153 416 3223 Empedoclem
433 3155 537 3228 nomine
554 3157 644 3210 citans.

266 3241 323 3310 (75)
341 3245 383 3296 lta
399 3243 553 3298 Plutarchus
569 3247 637 3299 Plac.
653 3245 717 3317 phil
736 3251 762 3308 1.
781 3245 811 3310 53
828 3245 954 3299 stobaeus
970 3243 1032 3296 Ecll.
1050 3241 1126 3309 Phys.
1144 3257 1169 3311 p.
1189 3243 1252 3312 (947
1270 3245 1318 3294 Ga-

113 3347 115 3354 *
221 3333 308 3386 ‘lenus
325 3333 390 3386 Hiat.
409 3334 473 3388 Phil.
491 3351 511 3386 u
532 3337 589 3389 Vll.
622 3337 679 3390 Duo
701 3337 858 3408 posteriores
875 3337 956 3404 ὓλην,
973 3335 1017 3389 ille
1034 3337 1140 3406 ἀρχὴν,
1157 3336 1183 3384 in
1200 3349 1319 3402 quonon

231 3423 391 3478 haerendum
407 3433 463 3478 erat
478 3427 587 3491 criticis,
603 3443 686 3500 quum
701 3436 844 3498 unumque
854 3427 924 3482 idem
936 3427 1029 3490 valeat,
1041 3427 1139 3496 pariter
1151 3433 1181 3478 ut
1191 3437 1320 3494 στοιχεῖα

232 3525 259 3570 et
278 3517 365 3586 ἀρχα)
392 3515 540 3584 promiacue
565 3515 691 3586 appellari
714 3516 805 3569 solent.
841 3519 879 3570 Ex
901 3519 950 3568 hac
969 3515 1149 3586 appellationis
1168 3515 1319 3570 diversitate

162 3595 165 3604 ¹
231 3615 294 3660 nuta
311 3615 351 3660 eat
370 3605 448 3659 lectio
468 3605 611 3658 Eusebiana
630 3605 722 3675 Praep.
742 3607 791 3658 liu.
809 3601 868 3668 XV,
884 3605 932 3667 33.
949 3623 974 3676 p.
991 3607 1037 3668 dir
1060 3605 1099 3658 Da
1121 3609 1153 3659 τὸ
1171 3608 1205 3662 δὲ
1224 3609 1318 3663 λοιπὸν

230 3702 317 3770 ἀργὴν
334 3693 406 3751 εἶναι
423 3701 475 3765 τὴν
486 3695 556 3764 ὕλην
564 3711 684 3766 -quam
696 3694 825 3747 immerito
834 3696 952 3766 plerique
961 3697 1119 3767 interpretes
1127 3699 1239 3769 amplexi
1249 3709 1315 3752 sunt.

147 3773 152 3782 ⁵
261 3791 321 3857 (76)
338 3790 445 3859 Emped.
465 3803 503 3840 ra.
529 3803 574 3852 ¹7²
599 3801 653 3856 sqq.
687 3784 827 3836 Declarant
847 3783 873 3836 id
891 3785 1014 3854 Simplicii
1031 3787 1112 3840 rerba
1128 3787 1162 3841 de
1179 3791 1258 3843 Coelo
1274 3793 1317 3852 11,

232 3887 247 3934 t
269 3885 330 3940 ινδ,
349 3879 377 3933 in
395 3879 480 3932 Schol.
495 3879 599 3932 Ariatot
616 3893 643 3946 p.
662 3875 718 3941 507,
735 3891 802 3946 quae
819 3876 968 3929 memoratis
979 3875 1019 3929 hia
1035 3879 1154 3932 vera'rbus
1170 3879 1316 3948 subjungit:

229 3978 258 4028 ἐν
273 3973 381 4032 τούτοις
399 3971 537 4042 δηλοῦται
556 4005 563 4022 .
582 4005 589 4020 .
607 4005 615 4018 .
635 3969 679 4020 ὅτι
695 3971 730 4020 τὰ
745 3967 796 4032 μὲν
812 3969 867 4020 τῶν
884 3967 1029 4039 &seprius
1046 3969 1151 4036 ἄμικτα
1168 3972 1245 4036 μένεν
1263 3969 1316 4024 ὑπὸ

229 4075 279 4124 τοῦ
293 4051 434 4134 ¹lllrr'uorrq,
451 4068 486 4118 τὰ
507 4063 539 4118 dl
560 4062 716 4132 μιγνύμενα
736 4073 811 4116 πονεῖ
831 4065 865 4115 τὰ
885 4067 977 4130 θνητὰ
998 4068 1045 4117 καὶ
1063 4067 1123 4132 (ὧν
1141 4067 1190 4120 aul
1203 4067 1286 4158 pared.
