2958 4822
236 303 275 364 40
641 319 688 366 os
712 319 928 367 suranocrrs

238 483 328 558 clem
352 484 390 556 in
415 485 511 584 Syria
536 511 556 555 a
582 485 783 558 Iccmanm
809 482 992 574 videlicet,
1022 508 1133 584 quem
1168 483 1310 563 Doridis

237 603 423 704 aequalem
449 605 603 696 faciunt,
627 606 832 703 sapientiam
857 602 1021 678 edoctum
1048 603 1148 680 esse?
1169 609 1233 655 ¹0⁶

284 725 439 798 Certiora
456 739 494 798 et
512 723 746 824 probabiliora
764 711 850 799 suot
864 735 959 825 q'uae
973 751 993 798 e
1005 725 1149 800 Timaeo
1160 727 1310 829 aliisque

236 845 419 939 discimus,
441 845 709 946 Empedoclem,
728 845 846 920 relicta
869 845 999 938 Sicilia,
1019 848 1057 920 in
1081 847 1309 948 Peloponne-

234 993 316 1042 sum
338 993 376 1042 se
401 961 587 1041 contulisse
609 975 688 1040 ¹⁰⁷.
738 969 821 1060 Quo
842 967 940 1040 enim
962 969 1082 1065 potius
1101 995 1139 1043 se
1162 971 1308 1046 confer-

233 1103 289 1162 ret
314 1115 422 1189 quam
445 1089 484 1161 in
507 1088 619 1188 ipsam
639 1089 846 1181 Graeciam,
870 1115 965 1190 quae
986 1104 1074 1188 tunc
1096 1116 1169 1164 non
1197 1093 1307 1191 magis

230 1207 417 1308 splendore
451 1224 488 1284 et
517 1210 646 1310 opibus
669 1235 780 1310 quam
803 1212 935 1285 artium
964 1226 999 1285 et
1020 1211 1204 1287 literarum
1226 1227 1307 1288 stu-

229 1330 295 1404 diis
323 1333 434 1423 clara,
462 1331 651 1432 plerosque
683 1347 757 1404 tam
789 1357 836 1404 ex
865 1333 945 1404 Asia
980 1359 1092 1434 quam
1124 1359 1145 1408 e
1178 1361 1305 1436 magna

227 1453 373 1526 Graecia
399 1451 626 1552 philosophos
644 1453 689 1526 ad
715 1479 753 1527 se
777 1451 975 1526 alliciebat?
1022 1453 1077 1527 lbi
1097 1455 1306 1530 dum'oom·

226 1587 440 1665 moraretur,
455 1571 656 1673 Olympiam
669 1599 816 1674 quoque
832 1575 931 1646 venit
948 1573 993 1647 ad
1009 1573 1130 1666 ludos,
1146 1604 1305 1678 quorum

226 1707 308 1784 tum
328 1718 468 1768 summa
490 1691 689 1786 celebritas,
713 1692 836 1794 ibique
858 1695 916 1793 (ut
938 1696 1113 1794 Diogenes
1135 1725 1181 1773 ex
1203 1698 1303 1798 ejus-

225 1813 326 1908 dem,
345 1829 388 1888 ut
408 1813 567 1907 videtur,
589 1816 741 1889 auctoris
760 1817 959 1890 testimonio
978 1818 1116 1920 retulit)
1139 1825 1302 1896 omnium

225 1937 263 2010 in
284 1963 323 2010 se
342 1963 401 2012 ora
428 1935 626 2030 convertit,
650 1937 698 2010 ita
719 1952 762 2011 ut
789 1935 926 2012 nulbus
948 1939 986 2010 in
1013 1937 1202 2016 hominum
1225 1969 1303 2016 ser-

225 2055 396 2131 monibus
418 2071 516 2130 tanta
542 2058 643 2132 fieret
663 2073 799 2160 quanta
820 2059 1042 2160 Empedoclis
1069 2065 1301 2137 mentio'¹0⁸.

225 2177 318 2252 Hinc
333 2177 447 2278 colligi
460 2178 552 2272 licet,
570 2205 612 2254 eo
629 2179 733 2255 illum
748 2181 885 2256 venisse
901 2179 971 2281 jam
987 2196 1100 2257 aetate
1116 2199 1301 2260 maturum

225 2302 377 2376 etfama
400 2300 568 2378 nobilem.
621 2305 702 2396 Qua
725 2317 847 2384 autem
868 2329 907 2377 re
928 2306 1149 2403 potissimum
1165 2319 1301 2380 tantam

223 2422 386 2496 omnium
408 2423 675 2500 admirationem
700 2427 867 2515 moverit,
885 2451 932 2500 ex
952 2453 994 2501 eo
1013 2427 1159 2500 fortasse
1178 2427 1300 2527 conjici

120 2598 123 2607 .
224 2556 337 2643 potest
367 2543 469 2644 quod
493 2545 728 2621 Dicaearchus
757 2547 889 2649 aliique
912 2563 1176 2640 memorarunt,
1210 2551 1300 2621 Em-

223 2663 375 2764 pedoclis
403 2663 589 2764 καθαρμοὺς
609 2667 793 2768 Olympiae
813 2683 968 2743 cantatos
984 2695 1057 2744 esse
1074 2697 1094 2742 a
1110 2669 1300 2744 Cleomene

223 2784 496 2883 rhapsod0109.
545 2787 699 2881 Quando
728 2787 764 2860 id
791 2789 869 2883 (etsi
899 2815 972 2864 nou
1003 2790 1152 2888 constat)
1183 2790 1299 2890 potius

223 2905 359 2982 factum
380 2907 566 2982 credamus
588 2935 699 3008 quam
728 2925 913 3009 praesente
942 2913 1034 3012 ipso,
1060 2936 1138 3014 quo
1161 2911 1300 2986 lacibus
1406 3009 1410 3018 Ι

223 3029 379 3103 carmina
397 3055 462 3103 sua
481 3027 669 3105 bominum
686 3031 811 3106 studiis
826 3032 1091 3116 commendaret
1102 3047 1140 3107 et
1155 3031 1298 3106 illorum

223 3147 269 3224 de
285 3175 323 3226 se
345 3148 473 3250 judicia
494 3151 744 3250 cognosceret?
778 3153 947 3228 Similiter
964 3141 1207 3252 Xenophanes
1222 3178 1299 3226 car·

224 3273 320 3345 mina
333 3297 397 3347 sua
417 3274 492 3375 ipse
508 3272 691 3374 ἐρ’ραψῷὃει
706 3287 789 3372 ¹¹⁰,
802 3290 839 3350 et
857 3275 1056 3351 Herodotus
1072 3275 1298 3350 historiarum

255 3504 329 3574 (rob)
347 3506 403 3559 tuat
423 3507 489 3561 lbul
507 3508 640 3576 Pharaiius
658 3509 685 3560 in
703 3508 767 3560 Hirr.
786 3505 888 3574 dynant.
906 3508 946 3559 ed.
965 3504 1074 3559 Pococb.
1090 3508 1170 3558 (laon.
1188 3505 1258 3559 1663.
1271 3513 1298 3558 et

223 3594 287 3647 aliur
305 3595 409 3666 quidem
428 3597 545 3668 ignobilis
563 3606 666 3663 auctor,
680 3597 796 3667 prolatus
813 3615 830 3650 ι
848 3597 966 3659 Sturaio,
985 3595 1091 3665 Emped.
1110 3613 1135 3666 p.
1158 3613 1186 3648 ιο
1201 3612 1240 3666 tq.

254 3687 327 3752 (¹⁰7)
343 3685 401 3739 Vrd.
418 3689 523 3754 Diogen.
540 3689 626 3742 Lae'rt
644 3689 724 3749 vlu,
741 3706 760 3740 1.
779 3703 818 3754 ⁷¹·

252 3777 327 3842 (rot)
344 3775 443 3830 Ibidem
461 3793 480 3829 1.
498 3777 541 3830 66.

253 3866 950 3941 (109)Dicaearchusinolymplco,ap.lthemeum
966 3869 1296 3939 XlV.p.6aoC.Pluvo·
1322 3853 1326 3860 ’
1372 3905 1375 3908 -

221 3957 293 4008 rinus
309 3958 380 4026 apud
395 3959 534 4025 Diogenem
552 3960 579 4012 L.
597 3961 659 4013 ibid.
675 3979 694 4014 1.
711 3961 753 4014 63.
773 3962 856 4013 Stura.
873 3977 898 4028 p.
918 3961 955 4024 76.

251 4045 325 4114 (no)
342 4047 397 4100 vid.
417 4047 569 4118 Xenophon.
587 4049 640 4102 rell
659 4067 686 4106 o.
706 4064 741 4099 rr.
759 4065 830 4095 maan.
847 4047 907 4096 edit.
