3006 4830
241 333 302 398 264
498 405 500 416 Ι
638 343 913 394 commeamus

242 513 424 576 efficiebatur
444 512 603 586 sententia,
626 509 702 570 illud
723 507 883 592 respondet
899 507 989 589 plane
1005 508 1154 590 sequenti:
1169 517 1313 591 rugam

241 631 300 702 sepi
320 626 428 700 inquire
449 625 527 697 fliete·

282 728 331 786 Vs.
353 723 413 785 338
434 745 478 806 sq.
520 727 650 805 ἕρίδεσσι,
678 719 775 780 intell.
803 716 933 791 morbis,
962 716 1215 798 aegritudinibus,
1239 739 1314 800 quae

243 839 313 890 sunt
340 823 890 909 certaminaprinoipiorum,
923 841 939 879 e
971 830 1103 880 veterum
1130 821 1312 882 medicorum

242 933 406 1008 sententio5
429 940 463 991 ut
483 931 630 1005 ostendit,
651 948 691 989 ne
712 928 785 988 alios
805 945 988 1000 memorem,
1009 925 1202 1007 nyximachi
1223 927 1314 984 oratio

239 1039 272 1098 iu
302 1037 417 1098 Platon.
448 1037 554 1118 Symp.
584 1057 614 1117 p.
649 1031 729 1110 186;
761 1030 799 1091 ad
820 1055 850 1114 q.
871 1029 893 1090 l.
916 1029 954 1089 cl.
977 1029 1075 1112 intpp.
1097 1065 1138 1076 -
1159 1038 1313 1112 πλίζπα.

241 1153 406 1222 coquntur,
427 1139 541 1198 incerta
560 1159 622 1220 quo
641 1135 772 1211 vadant,
802 1135 834 1194 iu
855 1154 928 1217 quas
949 1143 1070 1193 naturas
1091 1146 1316 1211 convertantur,

241 1256 302 1327 περὶ
320 1255 429 1328 ῥηγμῖνι
449 1251 531 1323 βίοιο,
552 1243 668 1302 circum
689 1245 765 1300 citos
787 1240 897 1312 littora,
920 1258 1003 1310 οπως
1017 1258 1130 1299 novum
1146 1239 1218 1315 hoc,
1236 1239 1317 1300 haud

241 1363 342 1412 tamen
363 1349 534 1432 inelegans,
556 1345 729 1429 metaphora
750 1343 837 1404 facile
858 1342 948 1402 fluxit
966 1340 1005 1400 ab
1026 1363 1063 1402 eo
1081 1343 1163 1428 quod
1186 1366 1205 1404 a
1225 1345 1317 1426 po‘e'tis

241 1456 300 1516 ‹lici
331 1455 421 1528 solet,
455 1453 626 1532 ’Δχέμντος
656 1456 749 1525 ἀκτή,
782 1451 959 1528 ’Axepovrltu
985 1452 1079 1527 lxlv·
1109 1449 1148 1508 cl.
1177 1448 1318 1531 hesohyl.

241 1561 344 1641 Apum.
369 1557 447 1618 1133
467 1556 560 1620 Well.
582 1553 722 1637 Sophocl.
744 1555 844 1635 lntig.
867 1552 926 1612 813
946 1553 1075 1614 brunei.
1117 1555 1218 1636 Neque
1239 1554 1319 1613 inso-

243 1665 351 1724 lentius
362 1662 420 1723 hoc
433 1683 524 1744 quam
538 1670 610 1720 nota
626 1659 688 1719 illa:
707 1659 829 1718 luminis
843 1678 910 1718 orae
925 1656 1040 1739 (virgil.
1058 1659 1133 1718 hen.
1144 1660 1209 1734 vll,
1221 1656 1325 1746 6613),Ι

242 1771 319 1828 oilae
339 1769 428 1828 limen
449 1765 577 1846 (lucret.
600 1765 663 1837 lll,
684 1761 768 1842 681.)
775 1807 785 1838 ,
805 1769 905 1842 γήμας
926 1767 1004 1840 οὐδός
1023 1761 1140 1844 (Odyas.
1162 1771 1200 1838 ψ,
1221 1761 1318 1842 212.).

242 1871 347 1952 'longit
367 1869 426 1930 hoc
446 1869 574 1930 Naehiue
594 1865 719 1928 Choeril.
741 1867 776 1926 fr.
798 1869 884 1942 vlll,
907 1889 937 1949 p.
961 1866 1029 1927 167.

284 1979 331 2037 Vs.
354 1975 414 2038 340
435 1997 478 2058 sq.
521 1980 579 2054 txt·
595 1977 801 2052 ὕδρομελίθμοις
819 2005 850 2019 ·
868 1977 1011 2052 eoppae.)
1041 1971 1096 2032 Pro
1112 1978 1320 2056 ὑδρομολόψις

242 2082 354 2142 inscius
381 2079 505 2142 exhibui
532 2083 645 2158 ωομελ,
676 2079 729 2140 etei
756 2087 917 2162 utrumque
942 2089 1022 2138 recte
1049 2077 1107 2139 dici
1129 2091 1234 2162 potest.
1277 2081 1320 2142 si-

121 2267 125 2274 .
244 2187 352 2247 militer
372 2185 404 2246 in
426 2183 517 2267 Orpb.
540 2185 651 2268 llymn.
673 2183 729 2258 24,
758 2181 798 2258 7,
833 2183 927 2264 pisces
947 2195 1093 2244 vocantur
1114 2189 1266 2266 bipatens,
1294 2199 1323 2246 et

244 2313 333 2374 supra
363 2313 418 2352 vss.
446 2289 504 2350 134
534 2299 564 2350 et
586 2287 662 2364 160,
691 2293 927 2368 ὑδατοθρέμμονες
945 2295 1038 2370 ἰχθῦς.
1060 2325 1096 2336 -
1122 2299 1323 2373 ὀριιλιχίεσσι.

162 2415 171 2436 ·
244 2419 282 2458 ex
304 2395 513 2457 emendatione
534 2393 707 2456 Schneideri
727 2415 783 2476 pro
796 2399 990 2475 ipsammet.
1006 2397 1044 2456 os.
1059 2418 1100 2457 vs.
1116 2396 1189 2458 382.
1218 2397 1324 2458 Probet

245 2513 274 2562 et
291 2502 418 2562 itachius
438 2500 461 2559 l.
483 2500 504 2560 l.
524 2535 563 2544 -
580 2507 695 2580 κύμβη,
715 2505 820 2580 ὄρνιθες.
835 2499 965 2583 Hesych.
1008 2503 1074 2562 Vox
1088 2501 1222 2584 ejusdem
1234 2523 1323 2584 gene-

246 2607 284 2666 ris
313 2627 349 2664 ac
377 2613 546 2685 numm,
576 2625 621 2664 vs.
649 2603 730 2682 205,
761 2603 890 2667 derivata
919 2603 1039 2666 sortasse
1067 2613 1203 2672 eadm
1221 2611 1319 2683 (κύβω,

245 2717 370 2792 κῦμβω),
391 2732 527 2772 merem.

286 2818 348 2876 Vss.
368 2813 515 2876 342-353.
558 2823 596 2881 01
624 2817 665 2892 δ’,
693 2817 754 2882 εὖτ’
783 2823 799 2889 l
829 2828 907 2884 sarh
928 2819 1029 2896 Φῦτμς
1049 2851 1089 2866 -··
1111 2819 1167 2885 οὐδ’
1189 2828 1221 2899 ἅμ
1240 2823 1320 2893 ἔασι)

246 2925 302 2982 llos
331 2937 430 2979 versus
450 2919 580 2980 Sturriue
600 2917 639 2980 ad
659 2919 772 2980 librum
794 2923 808 2982 l
828 2921 945 2996 retulit,
968 2924 1157 3004 conjunctim
1179 2946 1248 2984 cum
1267 2945 1320 2983 sss.
1391 2969 1393 2976 .

246 3023 360 3102 77-833
390 3023 490 3084 minus
515 3025 615 3106 juste,
642 3033 677 3084 ut
702 3023 776 3084 mihi
796 3023 927 3084 videtur:
956 3047 1029 3085 nam
1049 3027 1249 3110 superioribus
1268 3026 1325 3087 illis

245 3127 428 3211 explicatur,
451 3125 525 3209 quid
545 3127 709 3188 situatum
730 3149 784 3210 per
806 3149 851 3204 se,
873 3127 948 3211 quid
969 3140 1066 3206 optus,
1088 3131 1162 3214 quid
1175 3133 1325 3206 interitus;

245 3233 290 3293 his
312 3253 402 3307 vero,
431 3252 521 3316 quos,
537 3252 622 3292 nuno
642 3241 823 3308 tractamus,
853 3231 890 3292 de
914 3253 1015 3294 rerum
1036 3235 1207 3296 mortalium
1228 3235 1328 3296 homi·

245 3357 380 3420 numque
402 3347 471 3396 ortu
490 3346 519 3398 et
543 3336 666 3396 interitu
687 3337 794 3420 agitur.
836 3339 983 3413 Quocirca
1002 3350 1037 3400 ut
1058 3339 1126 3400 illos
1149 3341 1188 3400 ad
1207 3339 1275 3400 libr.
1295 3342 1326 3414 1,

245 3446 285 3505 ita
309 3441 364 3503 hos
384 3441 423 3502 ad
446 3439 515 3502 libr.
539 3441 569 3502 ll
589 3441 688 3523 potius
704 3439 874 3502 referendos
887 3441 972 3502 duxi.
1014 3443 1212 3526 Redarguitur
1225 3455 1327 3506 autem

245 3549 290 3610 his
311 3569 365 3612 sss.
388 3547 519 3630 vulgaris
538 3545 662 3629 opinio,
685 3565 745 3629 qua
765 3545 847 3606 nasci
868 3555 898 3606 et
913 3545 1047 3608 occidere
1068 3547 1176 3609 dicunt
1193 3569 1228 3610 ea
1247 3571 1326 3632 quae

119 3717 123 3726 ,
163 3675 168 3680 ·
243 3676 343 3716 revera
363 3664 483 3714 tantum
503 3661 668 3726 mutantur,
688 3648 779 3710 modo
800 3649 1010 3726 conciliantur,
1028 3651 1119 3712 modo
1132 3651 1324 3734 dissipantur.

287 3762 336 3820 Vs.
358 3757 419 3820 242
439 3779 505 3842 sqq·
546 3763 574 3822 ol
599 3755 627 3820 δ’
653 3755 713 3822 εὖτ’
741 3759 757 3828 t
785 3765 863 3822 κιτὶ
881 3757 917 3834 Φ
938 3760 1023 3831 eet.)
1063 3758 1099 3816 lli
1122 3777 1222 3818 versus
1242 3755 1325 3838 apud

245 3863 439 3926 Plutarchum
462 3861 547 3924 valde
575 3863 709 3943 corrupti
731 3861 875 3942 leguntur
882 3883 892 3938 ς
912 3862 1026 3944 primus
1046 3884 1087 3924 rs.
1109 3864 1148 3923 ita
1171 3861 1325 3922 mutilatus

246 3981 304 4030 cst:
325 3978 351 4034 οἱ
371 3970 395 4034 δ’
417 3973 465 4034 ἔτι
485 3979 563 4036 κατὰ
583 3971 670 4046 &bec
688 3976 769 4048 μΐγεν
791 3971 852 4048 Φῶς
873 3973 966 4046 αἰθέρι.
1011 3967 1142 4028 Roislius
1163 3967 1202 4028 sic
1220 3985 1323 4026 enten-
