2952 4836
772 752 793 836 ς
815 753 871 814 as.

389 961 449 1032 De
478 959 698 1033 Plantcrum
727 973 763 1032 et
789 961 1008 1032 animalium
1032 961 1258 1033 incremento.

333 1175 415 1250 Jarn
437 1173 608 1266 vidimus,
631 1173 807 1274 quomodo
830 1175 1026 1247 animantes
1049 1187 1086 1247 et
1109 1175 1268 1274 singulae
1290 1203 1349 1251 ea-

285 1323 369 1373 rum
393 1311 510 1396 partes
534 1295 607 1370 sint
628 1296 852 1398 compositae,
876 1321 992 1393 porro,
1015 1295 1190 1394 qnonodo
1214 1297 1350 1372 alantur

284 1434 323 1494 et
341 1421 553 1509 increscant,
573 1415 843 1490 attendendam.
892 1417 973 1508 Qua
998 1416 1043 1490 de
1065 1441 1106 1490 re
1127 1417 1350 1518 Empedocles

285 1551 522 1638 congruenter
554 1537 606 1610 illi
643 1537 805 1637 regulae,
841 1537 1002 1612 similia
1036 1537 1087 1610 ad
1122 1563 1167 1612 se
1201 1563 1351 1637 rapere

283 1657 465 1748 similia,
499 1658 651 1750 censuit,
687 1659 786 1757 quali
819 1659 865 1731 sit
887 1657 1048 1758 quidque
1073 1660 1262 1756 temperie,
1288 1659 1352 1733 tale

283 1779 467 1880 requirere
497 1777 718 1852 alimentum:
762 1792 895 1853 terram
925 1793 1064 1852 terreno
1099 1805 1250 1875 corpore
1280 1782 1353 1868 alt,

283 1903 406 2000 ignem
433 1900 514 1998 igni
532 1906 613 1974 ²0¹.
663 1902 790 2002 Itaque
821 1915 865 1974 ut
893 1900 995 1972 modo
1019 1900 1065 1974 de
1088 1900 1273 1974 arboribus
1296 1899 1354 1974 di-

282 2022 349 2113 xit,
374 2019 507 2095 radices
530 2021 689 2116 terreni,
715 2047 830 2095 ramos
852 2020 1010 2094 aetherit
1036 2047 1111 2095 esse
1133 2023 1285 2122 origine,
1308 2025 1354 2096 sic
1445 2031 1462 2084 .t

282 2142 408 2216 alteras
437 2147 551 2234 terra,
581 2141 708 2217 alteros
731 2141 875 2216 aethere
899 2139 946 2214 ali
970 2141 1197 2218 existimavit
1248 2145 1355 2218 Docet

280 2263 349 2338 hoo
366 2264 568 2339 Aristoteles
582 2273 661 2334 ²0²:
681 2260 908 2358 Ἐμπεδοκλῆς
920 2259 951 2338 δ’
964 2265 999 2334 οὐ
1011 2267 1117 2344 καλῶς
1128 2259 1231 2360 dimne
1245 2272 1355 2356 τοῦτο,

280 2381 540 2484 προσθέσει*
561 2387 617 2477 etp
640 2387 775 2477 αὔξησιν
797 2385 990 2482 συμβαίνειν
1012 2389 1080 2467 τοῖς
1102 2391 1241 2481 φυτοῖς,
1260 2385 1355 2490 νάειν

280 2513 343 2606 ’μὲν
360 2507 550 2604 ῥιζσυμένων
569 2505 628 2584 dab
648 2509 687 2582 rb
709 2509 765 2598 rip
784 2510 848 2607 γῆν
864 2507 949 2581 οὕτω
964 2505 1120 2606 φέρεσθαι
1137 2509 1230 2583 mrlt
1241 2509 1354 2605 φύσιν,

282 2631 347 2708 ἅνω
367 2628 403 2706 δὲ
422 2629 483 2707 tata
500 2633 539 2706 rb
557 2641 621 2729 πῦρ
644 2633 806 2710 ὡσαύτως.
856 2629 978 2704 Talem
1001 2633 1135 2721 σσὲξιισιν
1156 2632 1353 2706 Aristoteles

279 2747 450 2848 πρόσθεσιν
467 2766 583 2845 vocat,
600 2751 712 2827 veluti
730 2755 1084 2850 coagmentationem,
1100 2753 1139 2826 in
1158 2779 1275 2854 eoque
1294 2753 1355 2826 dn·

261 2879 270 2896 ‘
277 2872 417 2972 pliciter
439 2870 543 2944 illum
563 2871 807 2970 reprehendit,
832 2873 989 2969 primurn
1009 2873 1105 2973 quod
1125 2873 1189 2949 don
1209 2887 1247 2947 et
1264 2872 1353 2950 κάτω

278 3018 466 3094 perperam
485 2993 731 3092 usurpaverit:
748 2991 836 3066 haec
853 2993 949 3066 enim
969 3019 1042 3067 non
1053 2993 1352 3071 omnibuseadem

254 3139 369 3206 ¹esse,
392 3115 454 3190 sed
478 3131 521 3190 ut
545 3118 582 3188 in
607 3113 847 3188 animantibus
872 3114 937 3190 ἅνω
964 3129 1016 3188 est
1038 3130 1161 3213 capnt,
1188 3119 1237 3190 sie
1259 3117 1352 3191 idem

278 3239 316 3309 in
341 3237 469 3334 plantis
493 3263 567 3309 esse
590 3237 755 3336 stirpem,
788 3234 937 3328 deinde,
970 3235 1069 3336 quod
1092 3263 1163 3309 non
1190 3237 1352 3310 animad-

277 3358 424 3436 verterit
460 3357 534 3433 vim
568 3357 710 3432 vitalem
742 3355 812 3455 (rip
848 3351 983 3456 ψόχιιν)
1018 3383 1093 3431 esse
1127 3371 1201 3430 tam
1236 3355 1349 3432 alendi

309 3533 383 3601 (sor)
400 3529 505 3600 Emped.
526 3545 562 3580 vc.
585 3544 631 3590 ²70
650 3547 688 3600 aq.

309 3623 382 3690 (σοι)
401 3621 502 3672 lrictot.
522 3616 555 3669 de
575 3617 655 3668 lnim.
678 3617 722 3678 11,
741 3617 767 3676 d.
783 3634 807 3686 p.
825 3619 874 3685 49⁰
894 3619 929 3679 l3
946 3618 1019 3684 cnjus
1036 3615 1104 3668 dicta
1120 3617 1196 3668 latius
1211 3617 1346 3686 explanant

275 3714 429 3781 interpretes
445 3707 471 3758 in
486 3708 626 3759 comment.
641 3706 667 3756 in
680 3703 728 3755 hos
740 3705 832 3768 libros,
849 3705 1000 3759 Themisti.
1016 3705 1092 3770 768;
1109 3705 1222 3774 Simplic.
1238 3706 1296 3760 ttr
1313 3709 1344 3768 Ar

274 3796 476 3869 Philopon.1.it.
495 3796 533 3858 Η,
554 3795 571 3845 f.
593 3793 622 3844 15
641 3811 678 3863 aq.
695 3811 760 3864 quos
781 3795 927 3846 describere
948 3811 1178 3863 supervacaneum.

308 3891 346 3956 (¹)
365 3887 446 3954 Vulgo
458 3887 639 3956 προστιθεὶς,
657 3885 727 3954 quod
741 3885 922 3951 corrigendum
935 3885 1030 3935 censui.
1051 3883 1084 3935 cl.
1100 3885 1202 3936 tristor.
1214 3883 1248 3936 dc
1259 3887 1346 3937 Gener.

276 3987 303 4030 el
315 3979 387 4030 Cotr.
401 3980 443 4038 ll,
459 3977 490 4038 6,
506 3994 531 4046 p.
544 3977 594 4038 404
607 3977 639 4028 E:
660 3974 721 4028 οὐδ’
744 3975 852 4044 αὔξησις
868 3977 902 4028 ἂν
922 3977 968 4043 εἴη
986 3973 1048 4027 κατ’
1071 3973 1272 4038 Ἐμπεδοκλέα
1289 3969 1347 4028 ἀλλ’

276 4073 327 4137 llo)
346 4071 414 4120 κατὰ
433 4069 594 4137 πρόσθεσιν.
