2958 4822
234 381 277 444 36
631 391 675 437 Dll
700 387 914 435 unennocuts

234 561 279 635 ab
303 557 544 657 Empedoclis,
572 569 612 626 ut
636 553 798 658 videtur,
822 549 1113 626 obtrectatoribus
1133 550 1310 650 prolecta,

233 695 272 754 et
296 681 460 753 omnium
489 704 550 749 ore
572 675 780 774 scriptisque
806 673 1022 780 pervulgata.
1067 674 1137 746 Cui
1160 671 1312 746 inauditi

236 817 320 874 sunt
331 801 476 874 ·Horatii
498 821 622 872 versus
637 803 700 865 9⁸:

286 963 382 979 .....
480 957 577 972 --
674 915 782 987 Deus
806 917 1023 990 immortalis
1049 920 1178 991 baberi

284 1045 390 1116 Dum
400 1041 503 1136 cupit
516 1036 769 1134 Empedocles,
779 1037 967 1111 ardentem
971 1039 1135 1140 frigidus
1147 1044 1304 1114 Aetnam

287 1163 458 1238 Insiluit.
843 1195 845 1204 ·

235 1285 390 1360 Narrant
416 1281 688 1381 Empedoclem,
717 1284 791 1359 sive
815 1297 957 1382 peracto
979 1284 1038 1362 illo
1059 1287 1244 1376 convivio,
1273 1299 1315 1358 ut

235 1405 456 1506 Hippobotus
480 1401 595 1501 prodit
611 1411 669 1495 ⁹³,
692 1405 785 1493 sive,
810 1419 853 1478 ut
868 1403 1049 1478 Diodorus
1070 1406 1316 1505 Ephesius⁹⁴‚

236 1541 426 1626 postquam
456 1553 476 1597 a
501 1523 713 1598 Selinuntiis
730 1525 776 1599 ob
793 1551 987 1625 repressam
1004 1526 1239 1624 pestilentiam
1254 1525 1318 1600 di-

116 1730 120 1736 ·
236 1647 331 1722 vinis
354 1645 548 1720 honoribus
572 1660 737 1746 acceptus
759 1659 867 1737 esset,
895 1645 1013 1720 sulum
1035 1647 1250 1746 digressum,
1273 1661 1319 1722 ut

236 1769 355 1842 Deum
372 1792 410 1840 se
430 1791 504 1840 esse
519 1767 758 1860 confirmaret,
776 1769 815 1840 in
832 1767 995 1840 ardentes
1011 1771 1150 1842 Aetnae
1166 1783 1319 1842 crateras

235 1914 272 1963 se
304 1889 570 1988 praecipitasse3
592 1913 713 1961 unum
736 1903 858 1962 tamen
881 1887 926 1962 de
953 1891 1031 1988 ejus
1058 1889 1202 1981 calceis,
1228 1913 1320 1990 qnos

238 2034 364 2083 aeneos
387 2023 532 2110 gestare
546 2007 668 2082 solitus
693 2021 800 2100 esset,
821 2009 859 2081 ri
875 2007 1038 2084 flammae
1063 2009 1218 2112 ejectum
1245 2035 1320 2084 non

238 2130 364 2228 procul
401 2157 421 2203 a
458 2143 593 2205 cratere
626 2145 812 2230 repertum
823 2145 840 2222 ,'
872 2131 1038 2206 fraudem
1071 2133 1228 2231 arguisse
1251 2139 1317 2205 ¹⁹⁵.

239 2252 334 2325 llaec
355 2252 532 2344 narratio,
554 2277 775 2352 quamquam
795 2279 815 2326 a
836 2252 981 2327 Timaeo
999 2253 1153 2327 refutata
1166 2255 1224 2346 ⁹⁶,
1252 2277 1320 2326 nec

270 2474 332 2544 (9²)
346 2475 438 2527 Horat.
454 2471 534 2542 Epist.
551 2471 585 2524 ad
600 2460 719 2535 Pisones,
738 2489 774 2526 rs
790 2473 840 2537 464
857 2491 894 2546 sq.

271 2563 329 2634 (93)
346 2563 422 2634 Apud
440 2563 548 2628 Diogen.
568 2564 654 2617 Latis.
675 2566 749 2621 vlit,
767 2580 785 2616 s.
803 2566 851 2633 693
868 2563 1021 2629 Endooism,
1039 2584 1061 2636 p
1086 2581 1138 2631 s7o.
1240 2627 1242 2636 Ι

270 2659 328 2722 (94)
346 2653 433 2706 Ladrt.
450 2653 512 2704 ibid.
529 2670 548 2704 s.
570 2667 609 2715 70.

271 2743 328 2812 (95)
348 2743 485 2810 Vulgarem
497 2741 565 2794 tanc
576 2747 753 2798 narrationem
766 2738 915 2798 memorant
923 2747 1000 2800 etiam
1013 2749 1106 2800 Suislas
1117 2749 1142 2798 in
1154 2746 1283 2811 Ἐμπεδ.
1293 2753 1322 2798 et

240 2832 395 2899 ’Apsialoq
409 2831 504 2883 Strabo
516 2831 545 2884 1.
557 2835 604 2894 vl,
614 2849 639 2901 p.
653 2833 702 2894 dan
715 2835 750 2894 C,
761 2835 807 2904 qui
819 2849 873 2885 eam
888 2834 979 2887 sabulis
991 2848 1151 2890 annumerat.
1175 2839 1322 2890 Memorare

238 2935 373 2996 praeterea
382 2921 470 2984 multi,
481 2927 532 2992 jam
544 2925 614 2976 citati
629 2942 645 2975 a
658 2925 812 2991 Mongitorio
825 2925 852 2976 ln
867 2925 983 2977 Bibliotlt
995 2923 1071 2977 Slcul.
1085 2927 1202 2994 Menag'so
1215 2927 1322 2982 obsera

240 3021 267 3068 in
282 3018 368 3069 lae'rt.
381 3017 461 3073 Vlll,
481 3031 500 3067 s.
512 3015 555 3083 69.
568 3031 593 3084 p.
606 3015 652 3066 381
671 3031 709 3086 sq.
740 3015 842 3066 Sturslo
852 3017 924 3086 Emp.
937 3033 962 3085 p.
979 3015 1023 3067 sab
1035 3031 1073 3086 sq.
1084 3015 1199 3076 Quorum
1212 3033 1260 3086 pro
1273 3033 1322 3069 suo

241 3095 350 3177 quisque
369 3106 470 3171 ingenio
491 3103 534 3156 alii
551 3103 711 3172 Empedoclis
729 3103 925 3158 melancholiam
942 3113 989 3158 aut
1005 3107 1144 3160 sanitatem
1167 3104 1272 3168 rident,
1290 3115 1321 3159 ut

241 3215 316 3267 saepe
328 3196 468 3256 lucianus,
478 3194 575 3260 Dialog.
590 3201 666 3246 mort.
678 3195 743 3256 XX,
757 3195 772 3256 4
783 3195 815 3246 ad
828 3211 854 3265 q.
867 3195 881 3244 l,
892 3193 924 3246 cf.
936 3195 1082 3250 Hemsterb.
1092 3197 1121 3249 T.
1131 3197 1158 3254 1,
1177 3213 1203 3266 p.
1214 3197 1277 3261 4¹63
1288 3195 1322 3249 de

241 3289 329 3339 Morte
339 3301 440 3356 peregr.
453 3303 473 3349 s;
485 3285 596 3352 Fugitir.
612 3301 635 3348 23
647 3285 668 3336 T
688 3287 737 3345 111,
752 3302 776 3354 p.
791 3285 848 3348 sot,
861 3284 917 3337 366.
933 3283 972 3338 ed
986 3287 1083 3337 Hesust.
1096 3286 1165 3338 alibi.
1190 3286 1238 3338 siit
1249 3287 1320 3338 inso-

241 3378 348 3430 lentiam
361 3385 387 3429 et
398 3377 522 3428 insaniam
533 3377 635 3442 gravius
646 3385 766 3444 carpunt,
777 3385 808 3426 ast
817 3375 944 3428 Ecclesiae
952 3385 1047 3444 patres,
1057 3377 1193 3443 Gregorius
1204 3377 1322 3428 Nestane.

241 3485 290 3522 sss.
299 3467 342 3518 cit.
351 3468 379 3517 in
390 3465 485 3518 Barthii
498 3465 604 3517 bdrers.
613 3465 682 3526 XLI,
697 3483 734 3527 ιι,
745 3473 771 3516 et
781 3466 910 3516 Moratur.
922 3465 1014 3518 luced.
1024 3465 1110 3534 Epigr.
1120 3466 1161 3527 84,
1169 3465 1212 3530 85;
1230 3466 1324 3520 taor.

241 3563 334 3608 contra
342 3556 438 3608 Julian.
448 3559 531 3627 lll‚p.
543 3556 581 3619 73.
591 3556 669 3608 Paris.
688 3555 805 3606 Hermiae
817 3556 888 3606 Irsis.
897 3555 990 3606 Gentil.
999 3571 1023 3622 p.
1033 3556 1081 3616 404
1093 3561 1120 3611 Α.
1129 3556 1251 3608 Tatlauus
1263 3557 1323 3610 ads.

242 3649 330 3700 Graec.
342 3663 367 3716 p.
379 3647 427 3709 elib
438 3651 464 3700 l.
478 3648 556 3699 Paris.
576 3647 659 3714 Cyrus
673 3643 824 3698 'l’beodorus
838 3645 866 3696 ln
880 3644 983 3696 Stobsei
995 3645 1014 3695 F
1017 3644 1196 3697 lorilflesner.
1210 3647 1255 3710 tad
1265 3647 1323 3714 fin.)

241 3755 279 3790 rs.
298 3735 327 3788 51
349 3753 404 3807 sqq.
441 3736 589 3790 Lactantius
606 3738 661 3790 Dis.
678 3738 741 3788 last.
760 3737 817 3799 111,
837 3737 873 3786 18.
901 3733 1076 3786 Tertullianus
1095 3735 1128 3786 de
1145 3735 1224 3788 anim.
1236 3753 1259 3788 c.
1275 3737 1325 3799 bas

242 3829 276 3882 stl
294 3831 401 3896 llsrtyr.
419 3845 443 3879 c.
461 3827 491 3892 43
504 3827 608 3897 Apolog.
625 3827 674 3878 sub
690 3826 736 3877 fin.
754 3825 943 3878 Eudociaviol.
959 3841 985 3894 p.
1008 3839 1061 3888 17s.
1078 3825 1199 3890 Tanauot
1210 3824 1325 3897 densique

243 3919 332 3982 multi,
350 3925 381 3969 ut
400 3917 504 3980 Ouidius
522 3917 547 3967 io
567 3915 631 3970 lbld.
651 3933 687 3966 ss.
706 3915 763 3984 597.
792 3915 923 3966 Claudias.
948 3913 981 3964 de
1006 3914 1078 3966 (lons.
1103 3913 1174 3966 uati.
1195 3913 1326 3969 ‘l'beodon

243 4025 269 4060 r.
288 4023 327 4070 7²·
347 4007 398 4059 alii.
665 4051 667 4054 .

276 4097 333 4166 (96)
350 4096 408 4149 Vid.
425 4095 512 4166 paullo
524 4106 587 4166 ,post
605 4105 658 4150 not.
675 4114 715 4164 99.
