2952 4836
548 321 789 371 rmnosorrrrs.
807 361 811 370 .
1145 301 1205 366 tol

129 486 231 578 velit,
258 484 359 560 adeat
389 483 643 582 Pbilcponum,
671 485 864 559 Aristotelis
900 483 1010 560 rerba
1043 485 1081 556 in
1107 507 1207 560 mm-

127 607 312 693 mentari'u
328 606 430 694 fuse,
447 619 490 680 ut
512 605 617 696 solet,
634 605 887 703 explanantem
899 614 954 678 ²⁵.
985 603 1208 704 Empedoclis

127 743 250 804 tamen
287 727 519 818 sententiam,
546 727 637 802 nihil
661 752 819 800 vacuum
846 753 938 818 esse,
967 727 1096 802 omnia.
1112 721 1209 824 poris

127 847 260 940 obsita,
290 872 429 946 perque
450 846 514 922 bos
536 860 711 924 mutuum
734 848 811 922 fieri
838 873 1033 948 corporum
1050 849 1144 922 inter
1169 871 1209 922 se

127 971 405 1060 commercium,
433 982 589 1068 spretum
612 969 658 1044 ab
680 969 882 1060 Aristotele,
912 970 1088 1044 seriorum
1113 967 1209 1069 pby·

128 1091 288 1164 sincrum
306 1090 453 1166 inventa
469 1091 609 1190 egregie
625 1091 900 1184 confirmarunt,
920 1091 984 1164 etsi
1001 1089 1207 1180 fatendum,

128 1211 235 1286 illum
256 1239 427 1312 purorum
448 1225 615 1288 naturum
631 1226 668 1288 et
686 1213 999 1288 rationemmiuus
1011 1211 1106 1286 clere
1122 1235 1210 1309 per-

129 1345 288 1432 spectam
316 1331 496 1408 habuisse:
531 1332 661 1423 veluti,
694 1332 810 1435 qualis
835 1335 880 1410 sit
904 1338 943 1410 in
965 1333 1111 1410 diversis
1131 1332 1210 1406 ele·
1300 1384 1313 1407 .

129 1456 263 1530 mentis
292 1453 473 1556 rebusque
503 1455 588 1531 inde
613 1457 782 1530 confectis
809 1481 978 1555 purorum
1000 1451 1211 1530 diversitas?

130 1601 225 1652 num
261 1579 333 1652 sint
369 1579 408 1652 in
440 1577 516 1653 aliis
537 1575 748 1671 crebriores,
771 1578 810 1654 in
838 1575 917 1652 aliis
939 1573 1113 1652 rariores?
1138 1601 1213 1674 qno

131 1699 336 1774 discrimine
367 1698 457 1773 levia
491 1712 528 1772 et
555 1699 673 1799 gravia
713 1701 807 1774 inter
841 1725 880 1776 se
908 1695 1102 1776 differant?
1125 1696 1214 1772 baeu

131 1820 275 1920 aliaque
297 1821 426 1896 intacta
450 1823 526 1896 sere
555 1821 710 1899 omisisse
744 1821 899 1897 videtur.
946 1819 1128 1896 Ultimum
1150 1819 1216 1894 boc

131 1942 266 2018 diserte
293 1957 466 2018 memorat
496 1941 717 2034 Aristoteles,
748 1941 884 2016 dicens:
917 1967 976 2016 ecs
1007 1941 1073 2039 qni
1106 1943 1216 2014 inane

133 2066 328 2156 inducant,
362 2064 441 2140 leve
464 2079 502 2140 et
525 2091 632 2165 grave
656 2065 870 2164 interspersa
896 2063 956 2138 illo
979 2063 1219 2161 distinguere;

135 2185 201 2288 qui
226 2201 374 2285 negent,
397 2200 439 2260 ut
460 2185 710 2285 Empedocles,
730 2185 921 2262 amborum
937 2183 1125 2260 discrimen
1144 2207 1218 2258 nun

134 2307 332 2408 explicare:
366 2311 441 2386 lutor
472 2310 532 2404 pir
565 2301 620 2386 οὖν
640 2313 703 2386 τίον
724 2309 772 2405 μὴ
791 2303 987 2404 φασκόντων
1007 2300 1087 2382 εἶναι
1109 2307 1219 2394 uerba,

137 2429 259 2508 cridia
299 2428 496 2529 drdpccoes
538 2431 612 2529 arcp>
651 2433 814 2526 κούφου
852 2431 910 2506 κο)
944 2425 1124 2526 βάρεος,
1156 2419 1218 2500 οἷον

136 2553 363 2656 Ἀναξαγόρας
395 2557 453 2630 κο)
488 2550 715 2650 Ἐμπεδοκλῆς
730 2554 785 2628 ²⁶.
841 2551 940 2624 Licet
970 2561 1092 2624 autem
1126 2549 1218 2620 Em-

135 2675 299 2775 pedocles
332 2675 436 2774 plurs
471 2703 603 2776 purum
639 2676 733 2775 juste
768 2673 996 2772 explicuerit,
1016 2671 1120 2770 ‚quis
1142 2691 1218 2746 nun

137 2797 337 2872 admiretur
360 2809 480 2872 tamen
505 2795 601 2872 illius
624 2798 863 2897 sagacitatem,
888 2791 1118 2894 quidudum
1136 2801 1220 2864 ante

137 2919 284 3022 ingenio
306 2917 400 2992 duce
423 2943 465 2992 ea
487 2920 721 3018 praeceperit,
750 2943 845 3016 quae
865 2915 1013 3016 diligens
1044 2913 1218 2990 seriorum

138 3039 364 3139 investigatio
386 3037 631 3116 confirmavit?

141 3357 219 3411 ism
238 3357 334 3430 ἕτερον
351 3363 464 3430 στερεὸν
479 3363 554 3429 παρὰ
570 3360 634 3419 τοὺς
650 3360 764 3430 πόρους,
781 3357 851 3410 ἀλλὰ
866 3361 920 3410 πᾶν
936 3355 1025 3408 κενόν.
1059 3352 1141 3404 Porro
1158 3349 1219 3402 ibid.

142 3467 159 3518 p
193 3451 295 3518 3971l:
314 3454 370 3505 Sues
390 3452 440 3515 μὶν
458 3439 504 3504 οὖν
527 3457 575 3507 διὰ
593 3461 641 3522 τῆς
665 3457 719 3505 οὖν
740 3453 831 3522 πόρων
852 3447 980 3518 suspective
1000 3461 1064 3512 pecs
1084 3448 1120 3496 τὰ
1140 3445 1221 3508 πάθη

143 3548 316 3610 συμβαίνειν,
330 3549 357 3597 el
375 3546 425 3608 μὲν
441 3549 488 3598 aul
506 3549 726 3616 πεπληρωμένων
739 3549 793 3599 τῶν
806 3547 905 3618 πόρων,
922 3547 1072 3614 περίεργον
1089 3540 1116 3589 οἱ
1131 3533 1220 3618 πόρον·

145 3639 171 3688 tl
193 3641 245 3708 γὰρ
264 3639 356 3710 ταύτῃ
369 3642 470 3709 πάσχει
487 3643 519 3693 τὸ
537 3645 603 3705 πᾶν,
623 3643 672 3694 κᾶν
687 3647 724 3710 μὴ
741 3641 841 3711 seipsae
859 3639 924 3709 ἶχον
941 3633 1002 3690 ἀλλ’
1024 3633 1093 3687 αὐτὸ
1109 3627 1223 3696 σννέχέι·

146 3729 176 3780 ὃν
193 3733 296 3800 πάσχον
315 3735 363 3784 τὸν
383 3733 468 3784 αὐτὸν
487 3734 606 3803 τρόπον,
626 3733 685 3786 κτλ.

177 3821 234 3888 (25)
267 3821 400 3892 Philopcn.
423 3823 451 3876 iu
478 3827 582 3878 bristet.
605 3823 639 3877 de
666 3825 759 3877 Gener.
782 3831 809 3876 et
828 3824 910 3874 lnter.
932 3819 949 3871 l.
971 3816 1003 3870 35
1021 3831 1058 3886 sq.
1080 3814 1113 3866 de
1131 3813 1223 3865 Gener.

147 3909 228 3963 inim.
246 3914 287 3976 11,
306 3911 323 3962 l.
345 3911 377 3981 59
394 3917 422 3965 Α.
446 3917 520 3982 cujus
539 3915 619 3968 ver-ln
636 3914 731 3986 partim
751 3915 828 3976 affert
850 3913 933 3966 Stura
954 3925 979 3977 p·
1002 3907 1050 3968 344
1068 3921 1122 3975 “lq-

165 4001 232 4078 jab)
253 4002 357 4054 bristct.
376 4001 409 4056 de
427 4003 495 4056 Coel.
518 4005 564 4067 lV,
582 4021 603 4056 ο.
619 4023 646 4073 p.
666 4003 715 4071 ³79
734 4005 762 4055 E.
798 4066 802 4074 ι

193 4094 259 4168 111,
1060 4087 1105 4160 26
