2958 4822
515 359 598 412 vrrs
620 359 667 410 nr
689 351 833 416 munus.
1166 347 1207 412 tt

135 527 255 604 merita
283 527 486 628 laudetque
506 525 727 605 mirabilibus
746 525 879 605 fabulis
896 541 1069 629 augerent
1085 543 1123 604 et
1137 548 1209 606 ex·

136 647 326 724 tullerant?
373 649 530 724 Tantam
560 662 681 727 tanen
707 648 778 726 bec
806 649 1013 749 exemplum
1040 651 1211 728 universe

136 769 285 862 indicat,
301 769 815 871 Empedoclemuntiquiorum
829 785 955 848 vatum
970 785 1008 846 et
1023 769 1211 849 doctorum

135 889 299 988 exemplo
333 890 496 966 musicen
527 915 674 992 quoque
710 890 910 969 adhibuisse
940 891 985 966 ad
1020 890 1212 968 hominum

135 1010 281 1086 affectus
302 1011 474 1112 regendos
494 1027 531 1086 st
550 1035 664 1088 mores
684 1011 941 1088 emendandos:
962 1013 1069 1089 etism
1085 1013 1125 1087 in
1144 1012 1213 1098 hoc

136 1132 281 1208 sonasse
303 1125 533 1236 Pythagorica
554 1134 716 1209 institum
737 1133 969 1210 aemulatum.

598 1317 714 1487 ,μ
924 1363 927 1374 Α

182 1617 271 1690 Jam
302 1641 388 1694 vero
413 1617 501 1698 haec
529 1619 640 1706 lacta,
669 1645 826 1720 quorum
854 1643 981 1718 magna
1005 1643 1088 1717 pars
1108 1616 1213 1693 loeu-
1266 1727 1270 1736 .

95 1765 100 1778 ·
139 1737 298 1837 pletibus
314 1739 521 1814 testimoniis
543 1741 679 1814 firmata
701 1753 772 1830 est,
788 1741 869 1812 satis
885 1737 1072 1812 manifesto
1090 1751 1214 1813 caten*

138 1859 247 1955 dunt,
277 1859 424 1960 qualem
444 1861 564 1936 virum
585 1859 814 1960 Empedocles
830 1884 872 1936 se
892 1877 965 1934 tam
987 1861 1025 1932 in
1043 1885 1120 1958 rep.
1147 1885 1215 1959 ge·

30 2061 34 2074 ¹
137 1979 250 2054 tenda
284 2005 394 2082 quam
422 1980 460 2052 in
493 1993 568 2054 arte
598 1979 796 2054 exercenda
828 1981 1052 2079 praestiterit.
1115 1979 1215 2054 Num

137 2125 220 2201 ergo
242 2099 466 2193 mirandum,
487 2125 680 2177 eumcum
701 2097 913 2198 aequalitate
937 2126 1017 2194 sua,
1034 2115 1114 2176 tum
1131 2087 1218 2176 arte

138 2235 173 2294 et
190 2222 358 2314 suenus,
375 2245 540 2320 magnam
559 2219 624 2293 sibi
639 2222 787 2325 gratiam
801 2233 838 2294 et
855 2222 1099 2297 anctoritatem
1116 2220 1214 2320 apud

140 2368 223 2418 snos
242 2341 461 2435 conciliasse3
483 2343 689 2440 praesertim
712 2355 830 2440 quum
850 2363 927 2416 non
952 2355 1214 2440 cauponaretur

141 2465 340 2556 scientiam,
365 2453 426 2536 sed
450 2460 551 2535 nulla
571 2460 734 2534 mercede
753 2473 789 2534 et
810 2459 999 2534 liberaliter
1022 2475 1135 2534 artem
1151 2487 1214 2538 ex·

141 2598 277 2676 erueret
294 2583 338 2657 ad
355 2583 542 2657 hominum
558 2595 595 2655 et
608 2581 793 2656 civitatum
808 2580 959 2656 salutem
973 2581 1146 2658 tuendam
1157 2585 1214 2658 ⁶⁰.

141 2706 242 2781 Num
265 2703 489 2797 mirandum,
507 2701 757 2801 Enpedoclem
775 2704 841 2798 qui
856 2717 979 2779 ventos
996 2701 1213 2804 prohiberet,

142 2841 279 2927 pestem
301 2837 493 2919 averteret,
514 2825 694 2897 exanimes
716 2823 755 2895 in
781 2825 890 2898 vitam
916 2821 1081 2900 revocare
1103 2823 1216 2927 jacta-

144 2961 256 3040 retur,
273 2972 344 3019 non
364 2945 480 3020 solum
499 2943 644 3017 doctum
662 2957 698 3050 ct
715 2970 873 3044 sagacem
891 2943 950 3038 s‘etl
967 2942 1216 3021 divinumho-

145 3070 279 3142 minem
300 3066 405 3167 vulgo
422 3091 496 3140 esse
514 3063 694 3158 habitum,
709 3067 917 3164 praesertim
936 3065 1124 3151 illaaetate
1142 3093 1216 3166 qua

147 3215 267 3263 rerum
283 3185 503 3262 naturalium
521 3211 666 3285 prorsus
685 3187 798 3286 ignari
815 3211 872 3278 ea,
889 3211 1046 3286 quorum
1065 3169 1216 3261 rationes

147 3323 181 3384 et
199 3336 337 3386 caussas
358 3333 430 3381 non
447 3309 700 3409 perspicerent,
724 3337 743 3382 a
765 3307 893 3384 divinis
913 3305 1126 3408 quibusdam
1147 3336 1217 3384 na·
1341 3348 1344 3354 =

149 3434 236 3513 turis
252 3433 329 3507 lieri
355 3427 551 3504 crederent.

194 3553 323 3656 Neque
343 3575 428 3626 vcro
443 3548 597 3624 dubium
614 3550 771 3644 ridetur,
789 3553 879 3652 quin
897 3550 1126 3649 Empedocles
1142 3554 1217 3653 ipse

150 3673 266 3752 divina
287 3697 468 3778 ope,nen
491 3672 644 3748 naturali
666 3687 741 3748 arte
761 3699 798 3746 se
817 3699 858 3748 ea
878 3671 1045 3772 perlicere
1064 3675 1217 3752 finxerit.

149 3797 333 3899 Augurem
354 3808 392 3869 et
414 3793 546 3893 plum
568 3793 605 3868 id
626 3808 678 3868 est
699 3819 862 3894 magum,
882 3794 1009 3888 fnisse,
1036 3793 1131 3868 fama
1149 3797 1218 3867 in-

174 3991 230 4060 (68)
246 3991 309 4046 vta.
326 3987 438 4042 Galenus
454 3991 521 4058 περὶ
547 3989 601 4052 τίη
628 3987 695 4044 καθ’
715 3986 903 4059 Ἱπποκράτην
922 3991 968 4042 sal
985 3987 1122 4044 malma
1138 3991 1218 4057 δογμ.

144 4079 207 4148 L-s
