2952 4836
575 369 815 420 annosorum.
1165 359 1234 423 389

154 533 251 608 sicut
282 533 427 634 globum
459 529 625 634 undique
648 535 833 634 aequalem
855 548 891 608 et
917 540 1129 635 perfectum.
1183 541 1230 612 Et

153 655 194 726 in
229 654 380 731 similem
415 653 490 728 fere
522 656 755 748 sententiam,
789 682 1010 758 quamquam
1045 657 1233 732 nonnullis

154 774 316 872 partibus
349 778 589 866 immutatam,
615 789 778 850 veterum
801 776 968 852 nonnulli
989 779 1234 878 interpretum

153 911 380 994 acceperunt.
433 897 486 968 Ita
504 897 751 998 syrianus20⁶
776 897 1051 996 »Empedoclem
1072 901 1171 992 dicit,
1194 913 1237 972 et*

152 1015 448 1116 »Pythagoricum
481 1018 691 1092 existentem
720 1035 756 1091 et
783 1019 999 1118 Orphicum,
1026 1045 1232 1119 supponere

153 1135 324 1235 »quidem
360 1152 437 1235 post
470 1163 609 1211 unum
640 1142 892 1213 universorum
922 1141 1155 1238 principium,
1185 1140 1236 1214 de

152 1281 252 1356 nque
274 1283 341 1331 nec
360 1259 435 1357 ipse
460 1282 527 1332 nec
545 1259 773 1332 Parmenides
795 1285 862 1332 uec
883 1259 1095 1362 Pythagoras
1119 1259 1231 1357 jube-

152 1375 267 1450 nhant
287 1378 522 1486 sihiyationes
540 1377 689 1478 deposci,
706 1379 795 1454 haec
815 1381 898 1456 duo
914 1380 1019 1478 plura
1040 1381 1234 1480 principia,

153 1499 435 1572 »Amicitiam
459 1513 497 1574 et
518 1503 681 1593 Litem,
705 1527 796 1600 quas
814 1500 1034 1602 Pythagorici
1054 1504 1236 1576 unitatem

155 1633 217 1692 aet
237 1619 445 1692 dualitatem
467 1620 715 1710 nominabant,
737 1623 1000 1695 interminatam
1026 1625 1137 1722 ipsam
1161 1622 1237 1721 (aly

153 1739 329 1839 »ἀόριστοι
351 1738 480 1840 δυάδα)
496 1755 661 1816 vocantes
676 1741 722 1815 ob
743 1744 936 1841 potentiam
957 1745 994 1816 in
1020 1746 1232 1820 universum

153 1877 426 1962 »occupantem
462 1867 518 1938 Ex
539 1863 594 1936 his
614 1889 699 1939 vero
714 1865 896 1964 principiis
916 1879 952 1937 et
974 1864 1238 1965 intelligibilem·

154 1983 360 2056 »mundum
378 2009 561 2084 emergere
576 1999 612 2058 et
627 1984 863 2057 sensibilem.'’
912 1985 1126 2084 Simplicius:
1154 1992 1233 2084 Ἐμ-

152 2102 321 2194 relocata
356 2163 364 2180 .
392 2160 400 2178 .
428 2165 436 2182 .
472 2103 545 2182 dria
578 2103 610 2180 ἓν
643 2111 710 2186 τοῖς
746 2108 928 2206 στοιχείοις
961 2104 1239 2191 &territoreas

156 2223 371 2323 ὑποθέμενος,
405 2225 519 2326 θερμοῦ
556 2230 613 2302 real
644 2223 803 2328 ψυχροῦ,
837 2237 936 2328 ὑγροῦ
965 2233 1020 2304 roal
1048 2236 1159 2328 ξηροῦ,
1188 2235 1232 2313 εἷς

154 2350 255 2444 μίαν
288 2349 352 2431 rita
380 2347 436 2425 <tto
464 2356 733 2448 συιειιιρῦφιισε,
754 2353 825 2442 τὴν
848 2362 922 2426 τοῦ
952 2355 1134 2434 Νείκοιιι
1159 2357 1236 2430 sul

155 2475 230 2560 τῆς
260 2475 433 2564 Φιλίιιι,
463 2472 570 2570 ὥσπερ
602 2477 659 2548 aa>
686 2479 807 2562 ταύτην
830 2475 875 2556 εἰς
897 2471 1074 2570 μονάδα
1096 2477 1153 2567 ala
1176 2481 1239 2566 riis

155 2591 322 2692 ’Aydyaac
335 2604 414 2670 ²⁰⁷.
464 2597 539 2688 Qui
556 2595 645 2668 illud
664 2609 760 2670 certe
779 2596 872 2670 bene
883 2595 1097 2671 intellexisse
1108 2598 1235 2672 viden·

155 2729 229 2802 tur,
244 2731 281 2789 et
307 2716 491 2815 sphaeram
515 2731 550 2790 et
566 2743 704 2791 caussas
720 2732 903 2794 moventes
918 2732 956 2790 et
969 2717 1143 2792 elementa
1160 2745 1238 2794 non

155 2837 223 2908 nisi
247 2838 378 2935 species
408 2865 482 2912 esse
516 2865 642 2912 earum
667 2865 905 2940 rerumquae
927 2865 993 2938 per
1019 2844 1239 2915 universum.

154 2956 306 3032 diffusae
323 2974 538 3035 cernuntur.
576 2960 682 3052 Quod
699 2985 784 3034 vero
796 2961 902 3034 iidem
919 2961 1141 3062 Empedoclis
1152 2961 1235 3036 doc·

155 3079 287 3152 trinam
313 3079 357 3152 ad
379 3079 645 3181 Pythagoricam
670 3083 842 3156 rationem
866 3098 1054 3174 revocant,
1073 3131 1118 3145 --
1142 3085 1240 3160 illud

155 3199 303 3300 quidem
334 3227 419 3274 cum
451 3202 679 3304 Pythagoreis
709 3229 901 3278 commune
928 3203 1057 3293 hahet,
1079 3205 1177 3305 quod
1196 3222 1235 3282 et

155 3347 297 3396 unum
331 3335 368 3395 et
401 3323 543 3397 multa
571 3326 654 3400 facit
676 3339 825 3398 naturae
846 3325 1019 3424 principia
1034 3331 1115 3420 ²0⁸3
1135 3329 1238 3428 quod

155 3467 242 3519 vero
276 3443 509 3519 monadem
548 3461 584 3520 et
612 3442 802 3549 dyadem
840 3459 877 3518 et
914 3447 1145 3522 tetradem
1183 3449 1234 3522 illi

155 3563 379 3658 attribuunt,
423 3568 581 3665 argutiae
624 3581 710 3640 sunt
748 3566 1136 3662 Neo-Platonicorum,
1168 3577 1239 3672 qui

187 3769 264 3832 (noer
283 3769 382 3836 Syrien.
401 3773 427 3824 in
449 3774 546 3826 aristot
566 3773 682 3844 Metaph.
705 3777 747 3834 lt,
768 3777 785 3824 s.
807 3774 838 3826 32
858 3776 881 3824 t.

187 3861 264 3923 (207)
282 3859 394 3928 simplic.
415 3859 491 3929 Phys.
510 3866 535 3920 1.
558 3863 575 3914 t.
595 3865 629 3922 43
652 3869 677 3915 Α.

187 3949 264 4010 (ποθ)
281 3947 318 3999 De
334 3949 554 4016 l'ytlmssorecrum
574 3954 702 4005 sententia
722 3953 892 4006 mensor-abilis
912 3963 950 4004 est
968 3955 1122 4019 praesertim.
1138 3957 1239 4013 Eudora

154 4035 227 4086 locus
248 4037 316 4104 apud
338 4039 514 4106 Simplicium,
536 4043 609 4108 Phys.
632 4043 646 4093 f.
672 4045 703 4110 ³9
725 4049 748 4094 Α.
810 4069 814 4077 ·
