3006 4830
251 359 315 422 2³2
647 369 925 422 coraustt‘rtttrus

252 547 372 598 cuntur.
396 536 434 598 cs.
455 535 575 598 Diodor.
597 537 655 598 Sic.
678 538 711 614 I,
735 536 787 613 10;
816 537 934 598 Lucret.
955 539 990 612 V,
1014 537 1074 600 8³6
1095 561 1159 624 sqq.
1189 541 1327 620 ovidius,

249 641 366 704 fletam.
388 641 423 717 l,
446 638 507 702 422
526 662 590 724 sqq.
612 639 750 722 Virgilius
770 641 875 722 Georg.
896 642 946 718 IV,
969 641 1029 704 308
1051 664 1115 728 sqq.
1158 646 1194 706 ln
1215 645 1330 708 Aristo·

251 745 308 806 tele
329 745 422 806 variat
440 745 547 821 lectio,
575 745 667 806 modo
687 748 847 826 ᾖςολλιὶ,
877 744 967 806 modo
987 755 1024 824 ὣς
1043 759 1172 825 mm,
1201 751 1293 814 modo
1312 755 1335 833 ἦ

250 861 375 918 πολλῶν.
419 849 559 912 Similiter
578 847 728 912 fluctuant
749 859 1013 912 commentatores:
1034 855 1169 938 Simplic.
1194 855 1231 916 de
1244 856 1328 918 Coel.

246 961 263 1030 t
294 965 417 1026 somus
436 952 567 1037 -Philop
599 968 730 1024 rossus
759 955 873 1016 Treues
902 964 1028 1040 utroque
1056 958 1125 1020 loco
1146 967 1182 1036 ὥς
1202 975 1328 1049 ustas.

247 1060 306 1122 Sed
325 1061 358 1123 hi
375 1060 414 1122 ab
427 1059 581 1121 Aristotele
595 1059 739 1142 pendent.
780 1069 896 1128 coms
912 1061 1069 1124 manifesto
1083 1063 1240 1144 vitiosum,
1254 1087 1328 1128 nam

248 1168 347 1250 capita
377 1165 430 1226 illa
460 1163 561 1226 adhuc
589 1164 652 1226 sola
683 1185 737 1248 per
763 1187 794 1226 se
821 1163 981 1241 errabant,
1012 1167 1143 1228 necdum
1168 1171 1332 1232 animantis

247 1271 376 1356 alicujus
395 1269 531 1332 membra
551 1281 646 1334 eraut.

287 1378 335 1439 Vs.
359 1376 430 1438 233.
449 1398 492 1461 sq.
534 1387 633 1458 γυμνοὶ
651 1377 677 1444 δ’
697 1375 881 1460 ἡλίζοντο.)
923 1375 1069 1438 Gaisiord.
1090 1379 1199 1440 omittit
1214 1380 1250 1455 δ’,
1270 1378 1330 1440 ad·-

246 1481 343 1542 ditum
369 1481 460 1544 habet
487 1483 612 1544 Brendis
640 1481 734 1544 schol.
768 1485 855 1545 Arist.
882 1502 913 1564 p.
935 1480 996 1542 512
1017 1501 1055 1557 a,
1083 1492 1113 1542 et
1132 1481 1200 1544 cod.
1223 1484 1331 1561 Taum,

247 1589 300 1671 qui
321 1589 511 1670 ceteroquin,
533 1598 567 1648 ut
587 1599 618 1648 et
637 1589 693 1650 Ox.
714 1591 759 1663 A,
779 1589 880 1648 vitiose
893 1592 1085 1668 ἐμπλάζοντο.
1128 1589 1218 1649 l’orro
1238 1589 1328 1650 Taur.

246 1693 293 1758 sla
313 1701 461 1762 πλανᾶται
482 1691 570 1754 Gaisl'.
592 1693 677 1774 Peyr.
698 1691 808 1754 lisand.
827 1693 862 1758 οῖ’
880 1698 1037 1762 dumiso.
1069 1693 1113 1756 cf.
1129 1711 1184 1754 vsa.
1198 1692 1330 1754 Lucretii

247 1797 331 1858 inira
351 1797 497 1879 descripti.

287 1903 349 1963 Vss.
370 1899 522 1962 sss-237.
564 1907 660 1982 Aristi
681 1909 744 1970 issi
763 1914 843 1971 sset
862 1913 955 1988 μᾶζαν
976 1908 1061 1979 ses.)
1092 1903 1226 1984 Dispersa
1244 1901 1330 1983 prius

245 2005 381 2068 membra
412 2005 553 2088 deinceps
581 2007 726 2070 coaluisse
754 2007 827 2068 dicit
847 2030 901 2091 per
921 2009 1108 2081 Amicitiam,
1130 2025 1191 2090 quo
1211 2015 1330 2088 spectat

244 2110 365 2172 Aristot.
386 2109 424 2171 de
445 2111 552 2171 Gcner.
573 2110 703 2172 Animal.
724 2113 759 2188 1,
782 2111 836 2172 182
866 2117 913 2179 lut
933 2119 984 2188 τῆς
1005 2117 1166 2185 ψιλότητος
1187 2159 1195 2174 .
1217 2160 1225 2176 .
1248 2157 1256 2174 .
1277 2110 1327 2176 sil’

245 2221 333 2292 circe
362 2219 546 2298 rvpddsrtas.
588 2215 685 2276 lidem
715 2237 815 2276 versus
845 2216 989 2299 leguntur
1009 2217 1042 2276 in
1064 2213 1196 2276 Brandis.
1223 2213 1326 2276 Schol.

243 2322 331 2384 Arist.
342 2343 372 2404 p.
385 2321 445 2382 512
466 2343 493 2382 a.
508 2353 549 2368 -
560 2325 691 2404 ἐμίσγετο
713 2325 819 2401 δαίμονι
839 2326 942 2402 δαίμων
963 2341 1027 2382 non
1043 2319 1232 2382 referendum
1243 2318 1328 2380 vide-

244 2436 294 2488 tur
314 2427 353 2487 ad
373 2427 544 2489 Amicitiam
564 2437 594 2486 et
610 2425 810 2502 Discordiam,
832 2448 909 2510 quae
923 2427 1014 2510 junqi
1031 2433 1202 2508 nequeunt,
1221 2421 1272 2484 scd
1286 2422 1328 2483 ad

244 2531 393 2592 contraria
423 2531 590 2608 elementa,
620 2531 781 2614 praecipue
804 2541 913 2592 terram
940 2542 970 2592 et
995 2531 1108 2612 ignem.
1156 2527 1329 2610 Simplicius

243 2645 348 2696 tamen
368 2635 407 2696 ad
428 2635 530 2697 ambas
550 2635 616 2696 illas
636 2636 745 2712 refert,
768 2637 810 2696 sio
830 2637 1048 2719 interpretans:
1070 2639 1118 2700 ier
1139 2641 1192 2700 soii
1208 2636 1327 2710 Naissus

244 2747 352 2822 taessp
364 2751 450 2809 drus
470 2753 568 2810 Aciris
588 2749 602 2815 i
623 2748 758 2818 misse,
774 2741 855 2802 unde
877 2743 1019 2826 conjicias
1035 2763 1105 2804 eum
1125 2763 1180 2824 pro
1192 2746 1328 2822 iplcyrso

244 2846 328 2908 aliud
359 2847 433 2931 quid
462 2848 587 2930 legisse,
616 2847 698 2908 velut
717 2853 872 2930 iniquo,
895 2849 1023 2928 trifero,
1044 2846 1065 2908 i.
1086 2869 1113 2908 e.
1134 2867 1230 2930 quum
1251 2845 1328 2906 deus

244 2951 300 3013 deo
321 2949 484 3034 (discordia
504 2953 671 3036 Amicitiae)
692 2955 855 3036 ingrueret,
876 2953 923 3013 rel
943 2953 1018 3014 alter
1038 2951 1124 3014 alteri
1145 2951 1272 3014 cederet.

285 3061 338 3130 iun
363 3064 523 3138 sosimus
548 3058 667 3126 ἕκαστα.
711 3060 791 3120 llaec
810 3057 900 3120 cerba
922 3057 1091 3140 Simplicius
1112 3058 1184 3136 citat
1204 3077 1327 3141 quoque

243 3161 334 3246 Phys.
361 3163 383 3223 l.
409 3163 491 3224 731³
513 3174 543 3224 et
562 3163 644 3226 7413
676 3162 741 3246 (ubi
760 3183 816 3246 pro
838 3167 950 3233 Scurra
970 3161 1078 3246 legitur
1098 3167 1244 3238 ἅπαντα),
1277 3183 1325 3226 os-

243 3266 371 3328 tendens
397 3268 611 3351 Empedoclem
638 3269 735 3332 multa
756 3269 854 3332 dicere
874 3269 949 3331 sorte
970 3281 1000 3330 et
1020 3289 1091 3330 casu
1111 3269 1199 3330 effici.
1220 3267 1259 3328 cl.
1280 3287 1326 3328 vs.

244 3371 315 3434 204.
345 3405 386 3420 ·-
409 3379 531 3452 διηνεκὲς
559 3395 630 3436 cum
658 3378 743 3460 Peyr.
771 3377 874 3460 scripsi
901 3395 957 3458 pro
985 3373 1074 3436 codd.
1103 3374 1172 3436 lect.
1203 3379 1323 3451 bussud,

244 3499 337 3563 quam
357 3477 449 3541 habet
468 3481 559 3542 etiam
578 3481 714 3544 Brendis.

285 3583 347 3644 Vss.
370 3581 515 3646 238-242.
558 3595 665 3654 Πολλὰ
684 3599 736 3666 μὲν
755 3593 964 3671 mersimus
980 3623 1022 3637 -
1038 3585 1245 3670 lupariam)
1285 3587 1326 3648 ll·

242 3685 350 3750 lustrat
369 3687 444 3752 haec
464 3689 628 3767 Lucretius,
650 3691 687 3754 dc
707 3713 787 3756 novo
809 3694 925 3756 mundo
946 3695 987 3754 ita
1008 3715 1121 3754 canem
1133 3695 1170 3770 V,
1185 3691 1245 3754 8³5
1259 3712 1326 3775 sqq.

324 3793 477 3878 Multaque
497 3805 563 3856 tum
584 3795 681 3858 Tellus
701 3799 791 3858 etiam
811 3809 951 3881 portenta
973 3819 1072 3860 creare

326 3897 437 3960 Consta
457 3911 501 3966 est
520 3901 594 3962 mirei
615 3901 690 3964 secie
709 3901 909 3988 membrisque
930 3915 1047 3964 coorta:

325 4001 555 4086 Androgyuem,
565 4006 743 4085 interutras,
755 4028 813 4070 nec
823 4019 991 4091 utramque,
1000 4009 1152 4091 utrimque
1162 4015 1323 4084 remotum,
