2958 4822
512 369 597 418 vura
618 367 664 416 na
686 367 831 414 anunua.
1163 351 1204 411 56

138 537 177 608 n's
206 557 321 626 vena,
351 529 451 608 unde
479 531 638 608 oeuiom
669 557 835 634 quaeque
868 530 914 606 de
943 529 1051 608 rebus
1073 525 1203 607 divinis

135 653 374 756 humanisque
393 654 552 730 notiones
569 668 751 730 emanant:

273 775 410 876 βαθεῖαν
427 776 535 856 mom
551 775 611 856 icis
626 778 739 876 φρενδο
755 783 999 877 καρπούμενος,

274 897 312 992 ἐξ
331 894 367 991 sie
392 900 441 978 τοι
467 898 568 978 cist
593 899 781 996 βλαστάνει
806 900 1036 1014 &altipeta

617 1171 638 1254 ς
659 1171 713 1234 ιο.

180 1385 344 1458 Diximus
362 1383 408 1458 de
428 1389 505 1484 ejus
527 1381 740 1476 doctoribus,
765 1411 879 1484 pauca
902 1383 1064 1460 addenda
1081 1381 1127 1458 de
1150 1382 1204 1456 fa·

135 1502 327 1580 miliaribus
350 1504 443 1606 ejus,
466 1531 623 1606 quornm
643 1506 826 1608 praecipui
847 1505 885 1580 hi
908 1517 1169 1580 memorantur:

178 1629 358 1716 Acron,
379 1625 542 1702 Xenonis
560 1625 607 1700 iil.
628 1625 906 1728 Agrigentinus,
938 1615 1068 1702 nobilia
1094 1623 1204 1700 medi·

134 1771 209 1835 cus,
240 1745 347 1845 cujus
380 1748 419 1824 in
448 1747 625 1824 narranda
645 1747 869 1848 Empedoclis
896 1749 968 1826 vita
987 1749 1209 1842 mentionem

134 1865 291 1944 fecimus.
323 1869 484 1948 iuvenes
503 1869 609 1944 ambo
625 1870 664 1944 in
687 1895 763 1970 rep.
784 1871 879 1946 inter
894 1896 932 1945 ae
947 1868 1208 1962 obtrectarunt3

134 2001 246 2086 postea
271 1989 423 2068 Athenis
446 1991 553 2066 simul
576 1990 755 2066 doctrinae
778 1991 895 2066 studia
915 1991 1106 2066 coluerunt
1125 1999 1165 2042 ¹⁵
1172 1997 1205 2062 ⁷.

175 2110 476 2204 Pausanias,
502 2111 646 2188 Anchiti
666 2111 774 2204 iilius,
795 2111 946 2205 Gelous,
971 2109 1075 2210 cujus
1100 2135 1210 2210 supra

134 2231 213 2302 item
231 2233 454 2306 mentionem
472 2231 552 2306 feci.
590 2232 677 2306 Fuit
697 2231 812 2322 dives,
831 2229 966 2306 medica
982 2244 1059 2304 arte
1075 2228 1211 2322 clarus,

133 2350 336 2450 Empedocli
351 2365 435 2426 ante
449 2351 533 2426 alios
547 2377 661 2444 carus,
672 2353 737 2452 qui
753 2350 839 2424 huic
854 2349 1029 2425 dedicavit
1042 2347 1148 2422 libros
1162 2348 1208 2424 de
1290 2349 1292 2354 ’

133 2496 253 2544 rerum
274 2485 421 2568 natura,
442 2487 486 2548 ut
510 2473 621 2572 ipsius
643 2497 766 2547 versus
788 2481 954 2564 testatum
970 2469 1088 2544 cidem
1104 2493 1208 2542 mon-

132 2605 253 2668 strasse
285 2591 419 2668 dicitur
451 2607 564 2670 artem
597 2621 670 2694 qua
703 2592 759 2682 etp
796 2590 919 2668 iimo
940 2591 1137 2682 sanaverit,
1164 2604 1208 2664 ut

132 2726 251 2786 auctor
268 2726 321 2786 est
336 2712 537 2788 Heraclides
558 2716 635 2784 ¹⁵⁸:
664 2711 763 2786 unde
784 2711 951 2788 nonnulli
971 2709 1208 2810 collegerunt,

23 2901 27 2912 .
132 2833 343 2910 Pausaniam
369 2859 447 2908 rem
470 2835 572 2909 istam
597 2834 707 2910 literis
734 2834 931 2927 mandasse,
956 2830 1089 2906 abhoc
1112 2830 1207 2906 hau·

132 2955 211 3028 sisae
229 2954 469 3050 Heraclidem3
486 2955 545 3030 alii
564 2957 685 3056 ipsum
704 2955 956 3056 Empedoclem
971 2961 1049 3026 ¹⁵⁹:
1069 2968 1207 3028 utrum·

134 3175 188 3208 cum
198 3167 226 3212 et
237 3160 380 3229 Orphicum
396 3161 548 3232 appellantia
560 3161 715 3229 (Commeat.
730 3161 760 3212 in
772 3160 876 3214 Arutot.
888 3157 1002 3230 uaupla
1014 3159 1031 3214 l'.
1045 3162 1061 3211 8
1073 3161 1100 3220 Β,
1113 3159 1145 3212 ia
1158 3160 1208 3228 Β),

133 3263 205 3315 quam
222 3267 256 3302 ea
274 3249 353 3318 ipsius
370 3252 513 3304 carminum
531 3243 649 3320 veadg'iia.
1223 3297 1225 3302 -

161 3335 232 3402 (¹57)
248 3339 307 3394 Vid.
322 3341 424 3407 Diogen
444 3341 530 3394 laert
543 3343 617 3406 viu,
634 3339 681 3406 653
699 3341 789 3396 suidas
803 3342 833 3394 in
848 3337 964 3410 'Aspona
995 3336 1129 3405 lisnagiua
1145 3337 1205 3392 obs.

133 3425 214 3480 laert.
232 3447 261 3499 p.
276 3429 334 3483 38⁰.
365 3431 505 3498 Mongltori
524 3430 586 3483 sibl
606 3432 654 3484 Sic.
670 3431 699 3483 in
716 3447 741 3486 v.
778 3439 781 3446 “

162 3515 235 3586 (ι58)
252 3519 310 3572 Vid.
329 3518 401 3585 Πίος.
418 3519 505 3572 laert.
523 3521 601 3583 VlII,
618 3519 665 3580 60.
682 3519 725 3574 61.
740 3519 858 3572 Timacus
875 3520 938 3573 ibid.
957 3535 997 3584 pa.

162 3606 232 3676 (¹59)
249 3607 325 3659 Prius
344 3609 439 3660 horum
458 3609 555 3678 placuit
572 3610 598 3661 P.
618 3609 703 3662 Petito
720 3609 790 3678 apud
811 3610 973 3676 Meuaniam,
993 3607 1097 3662 obora
1116 3608 1204 3659 laert.

135 3695 247 3750 Procem.
264 3713 291 3767 p.
309 3713 339 3766 93
357 3699 484 3766 postauam
502 3701 603 3753 Sinnio
621 3698 725 3769 Emped.
746 3715 773 3768 p.
791 3699 833 3752 6ο.
866 3701 983 3770 Uterque
1001 3697 1160 3750 illudeffecit
1171 3711 1203 3748 ex

133 3783 168 3836 lla
186 3786 282 3840 hardi
300 3791 399 3844 verbis:
416 3791 565 3857 Παυσανίᾳ
583 3791 780 3860 ὑφηγήσασθαι
796 3792 882 3845 αὐτὸν
897 3795 933 3844 τὰ
943 3793 1010 3860 scapi
1026 3795 1077 3858 τὴν
1090 3787 1202 3840 ἄπνουν.

134 3891 195 3945 qnae
203 3877 247 3930 alii
258 3878 296 3930 aie
307 3879 474 3950 interpretati
485 3891 561 3946 aunt,
572 3883 753 3952 Empedoclem
767 3884 800 3936 ad
812 3883 961 3936 Pausaniam
973 3881 1023 3936 hac
1033 3881 1067 3933 da
1080 3896 1110 3932 re
1122 3879 1204 3948 scrip-

132 3967 200 4031 οἰοιοῖ
211 3969 271 4034 alii,
284 3971 437 4024 Pausaniam
448 3973 536 4026 audita
548 3975 582 4027 ab
593 3974 748 4046 Empedocla
760 3973 841 4026 literis
853 3973 1000 4042 prodidisse.
1032 3969 1082 4022 Sed
1097 3969 1204 4038 ὑφηγή-

134 4067 234 4115 oasim
249 4061 372 4116 univerae
390 4071 462 4116 notat
479 4073 629 4124 monstraro,
648 4067 804 4133 proscipere,
823 4065 927 4116 odoacre.
