<?xml version="1.0" encoding="UTF-8"?>
<!DOCTYPE html PUBLIC "-//W3C//DTD XHTML 1.0 Transitional//EN"
    "http://www.w3.org/TR/xhtml1/DTD/xhtml1-transitional.dtd">
<html xmlns="http://www.w3.org/1999/xhtml" xml:lang="en" lang="en">
 <head>
  <title>
</title>
<meta http-equiv="Content-Type" content="text/html;charset=utf-8" />
  <meta name='ocr-system' content='tesseract 3.04.00' />
  <meta name='ocr-capabilities' content='ocr_page ocr_carea ocr_par ocr_line ocrx_word'/>
</head>
<body>
  <div class='ocr_page' id='page_1' title='image "./philosophorumgr00xenogoog_0230.png"; bbox 0 0 3006 4830; ppageno 0'>
   <div class='ocr_carea' id='block_1_1' title="bbox 251 317 931 394">
    <p class='ocr_par' dir='ltr' id='par_1_1' title="bbox 251 317 931 394">
     <span class='ocr_line' id='line_1_1' title="bbox 251 317 931 394; baseline 0.003 -2"><span class='ocrx_word' id='word_1_1' title='bbox 251 329 317 394; x_wconf 73' lang='lat' dir='ltr'><strong>tlt}</strong></span> <span class='ocrx_word' id='word_1_2' title='bbox 444 317 449 329; x_wconf 86' lang='lat'><em>&#39;</em></span> <span class='ocrx_word' id='word_1_3' title='bbox 650 344 931 394; x_wconf 82' lang='lat' dir='ltr'><strong>conusuranrus</strong></span> 
     </span>
    </p>
   </div>
   <div class='ocr_carea' id='block_1_2' title="bbox 249 510 1347 911">
    <p class='ocr_par' dir='ltr' id='par_1_2' title="bbox 249 510 1347 911">
     <span class='ocr_line' id='line_1_2' title="bbox 252 510 1334 596; baseline 0.004 -24"><span class='ocrx_word' id='word_1_4' title='bbox 252 522 284 572; x_wconf 91' lang='lat' dir='ltr'><strong>ut</strong></span> <span class='ocrx_word' id='word_1_5' title='bbox 295 510 388 573; x_wconf 79' lang='lat' dir='ltr'>edidit</span> <span class='ocrx_word' id='word_1_6' title='bbox 399 531 518 596; x_wconf 88' lang='lat' dir='ltr'><strong>quoquc</strong></span> <span class='ocrx_word' id='word_1_7' title='bbox 527 511 658 574; x_wconf 86' lang='lat' dir='ltr'><strong>llraudis.</strong></span> <span class='ocrx_word' id='word_1_8' title='bbox 682 513 736 573; x_wconf 80' lang='lat' dir='ltr'><strong>Pro</strong></span> <span class='ocrx_word' id='word_1_9' title='bbox 745 517 863 592; x_wconf 72' lang='grc' dir='ltr'><strong>ἐφύοντο</strong></span> <span class='ocrx_word' id='word_1_10' title='bbox 877 524 977 574; x_wconf 85' lang='lat' dir='ltr'><strong>autern</strong></span> <span class='ocrx_word' id='word_1_11' title='bbox 991 511 1041 574; x_wconf 90' lang='lat' dir='ltr'><strong>alii</strong></span> <span class='ocrx_word' id='word_1_12' title='bbox 1054 513 1197 596; x_wconf 80' lang='lat' dir='ltr'><strong>(Eustath.</strong></span> <span class='ocrx_word' id='word_1_13' title='bbox 1206 513 1334 596; x_wconf 71' lang='lat' dir='ltr'><strong>Athen.)</strong></span> 
     </span>
     <span class='ocr_line' id='line_1_3' title="bbox 249 611 1347 702; baseline -0.004 -20"><span class='ocrx_word' id='word_1_14' title='bbox 249 621 370 696; x_wconf 63' lang='lat' dir='ltr'><strong>dicasse</strong></span> <span class='ocrx_word' id='word_1_15' title='bbox 395 611 451 700; x_wconf 76' lang='lat' dir='ltr'><strong>p&#39;ro</strong></span> <span class='ocrx_word' id='word_1_16' title='bbox 475 623 599 696; x_wconf 61' lang='grc' dir='ltr'><strong>ἄκρητα,</strong></span> <span class='ocrx_word' id='word_1_17' title='bbox 625 616 708 701; x_wconf 90' lang='lat' dir='ltr'><strong>quod</strong></span> <span class='ocrx_word' id='word_1_18' title='bbox 735 616 825 678; x_wconf 87' lang='lat' dir='ltr'><strong>habet</strong></span> <span class='ocrx_word' id='word_1_19' title='bbox 844 619 933 679; x_wconf 90' lang='lat' dir='ltr'><strong>etiam</strong></span> <span class='ocrx_word' id='word_1_20' title='bbox 953 617 1094 695; x_wconf 88' lang='lat' dir='ltr'><strong>Brandis,</strong></span> <span class='ocrx_word' id='word_1_21' title='bbox 1115 619 1260 702; x_wconf 88' lang='lat' dir='ltr'><strong>Simplicii</strong></span> <span class='ocrx_word' id='word_1_22' title='bbox 1280 619 1347 679; x_wconf 55' lang='lat' dir='ltr'><strong>ed:</strong></span> 
     </span>
     <span class='ocr_line' id='line_1_4' title="bbox 249 721 1332 808; baseline -0.003 -23"><span class='ocrx_word' id='word_1_23' title='bbox 249 721 340 806; x_wconf 84' lang='lat' dir='ltr'><strong>Phys.</strong></span> <span class='ocrx_word' id='word_1_24' title='bbox 361 733 391 783; x_wconf 89' lang='lat' dir='ltr'><strong>et</strong></span> <span class='ocrx_word' id='word_1_25' title='bbox 411 722 477 782; x_wconf 90' lang='lat' dir='ltr'><strong>cod.</strong></span> <span class='ocrx_word' id='word_1_26' title='bbox 495 724 581 784; x_wconf 81' lang='lat' dir='ltr'><strong>Taua.</strong></span> <span class='ocrx_word' id='word_1_27' title='bbox 603 721 640 782; x_wconf 90' lang='lat' dir='ltr'><strong>de</strong></span> <span class='ocrx_word' id='word_1_28' title='bbox 659 721 762 799; x_wconf 87' lang='lat' dir='ltr'><strong>Coelo,</strong></span> <span class='ocrx_word' id='word_1_29' title='bbox 783 729 900 804; x_wconf 64' lang='grc' dir='ltr'><strong>ὕψη,</strong></span> <span class='ocrx_word' id='word_1_30' title='bbox 921 743 998 808; x_wconf 88' lang='lat' dir='ltr'><strong>quae</strong></span> <span class='ocrx_word' id='word_1_31' title='bbox 1018 721 1108 782; x_wconf 90' lang='lat' dir='ltr'><strong>aroho</strong></span> <span class='ocrx_word' id='word_1_32' title='bbox 1122 721 1246 782; x_wconf 78' lang='lat' dir='ltr'><strong>confusa</strong></span> <span class='ocrx_word' id='word_1_33' title='bbox 1260 733 1332 782; x_wconf 92' lang='lat' dir='ltr'><strong>sunt</strong></span> 
     </span>
     <span class='ocr_line' id='line_1_5' title="bbox 250 824 1332 911; baseline 0 -25"><span class='ocrx_word' id='word_1_34' title='bbox 250 847 372 910; x_wconf 81' lang='lat' dir='ltr'><strong>quoque</strong></span> <span class='ocrx_word' id='word_1_35' title='bbox 392 846 434 886; x_wconf 80' lang='lat' dir='ltr'><strong>vs.</strong></span> <span class='ocrx_word' id='word_1_36' title='bbox 448 824 519 886; x_wconf 77' lang='grc'>375.</span> <span class='ocrx_word' id='word_1_37' title='bbox 551 827 656 910; x_wconf 78' lang='lat' dir='ltr'><strong>Simpl.</strong></span> <span class='ocrx_word' id='word_1_38' title='bbox 677 827 766 910; x_wconf 71' lang='lat' dir='ltr'><strong>Phys.</strong></span> <span class='ocrx_word' id='word_1_39' title='bbox 781 835 852 911; x_wconf 66' lang='grc' dir='ltr'><strong>ζωρὶ</strong></span> <span class='ocrx_word' id='word_1_40' title='bbox 870 833 902 895; x_wconf 65' lang='grc' dir='ltr'><strong>δὲ</strong></span> <span class='ocrx_word' id='word_1_41' title='bbox 923 837 963 895; x_wconf 67' lang='grc' dir='ltr'><strong>τὶ</strong></span> <span class='ocrx_word' id='word_1_42' title='bbox 982 836 1054 908; x_wconf 64' lang='lat' dir='ltr'><strong>spis,</strong></span> <span class='ocrx_word' id='word_1_43' title='bbox 1074 825 1145 887; x_wconf 80' lang='lat' dir='ltr'><strong>alibi</strong></span> <span class='ocrx_word' id='word_1_44' title='bbox 1158 835 1230 910; x_wconf 68' lang='grc' dir='ltr'><strong>ζωρά</strong></span> <span class='ocrx_word' id='word_1_45' title='bbox 1241 855 1277 894; x_wconf 67' lang='grc' dir='ltr'><strong>τι</strong></span> <span class='ocrx_word' id='word_1_46' title='bbox 1291 837 1332 892; x_wconf 73' lang='grc' dir='ltr'><strong>τὶ</strong></span> 
     </span>
    </p>
   </div>
   <div class='ocr_carea' id='block_1_3' title="bbox 249 930 1330 1120">
    <p class='ocr_par' dir='ltr' id='par_1_3' title="bbox 249 930 1330 1120">
     <span class='ocr_line' id='line_1_6' title="bbox 250 930 1330 1013; baseline -0.006 -17"><span class='ocrx_word' id='word_1_47' title='bbox 250 941 320 1013; x_wconf 67' lang='grc' dir='ltr'>πρὶν.</span> <span class='ocrx_word' id='word_1_48' title='bbox 362 931 418 992; x_wconf 84' lang='lat' dir='ltr'><strong>Pro</strong></span> <span class='ocrx_word' id='word_1_49' title='bbox 437 933 639 1012; x_wconf 55' lang='lat' dir='ltr'><strong>&amp;inultm</strong></span> <span class='ocrx_word' id='word_1_50' title='bbox 658 931 768 994; x_wconf 79' lang='lat' dir='ltr'><strong>Athen.</strong></span> <span class='ocrx_word' id='word_1_51' title='bbox 787 937 1017 1002; x_wconf 59' lang='lat' dir='ltr'><strong>semesae-a,</strong></span> <span class='ocrx_word' id='word_1_52' title='bbox 1059 931 1118 992; x_wconf 90' lang='lat' dir='ltr'><strong>Sed</strong></span> <span class='ocrx_word' id='word_1_53' title='bbox 1137 930 1231 1008; x_wconf 88' lang='lat' dir='ltr'><strong>haec,</strong></span> <span class='ocrx_word' id='word_1_54' title='bbox 1256 941 1286 991; x_wconf 92' lang='lat' dir='ltr'><strong>et</strong></span> <span class='ocrx_word' id='word_1_55' title='bbox 1306 931 1330 990; x_wconf 90' lang='lat' dir='ltr'><strong>si</strong></span> 
     </span>
     <span class='ocr_line' id='line_1_7' title="bbox 249 1034 1330 1120; baseline 0 -24"><span class='ocrx_word' id='word_1_56' title='bbox 249 1056 327 1120; x_wconf 86' lang='lat' dir='ltr'><strong>quae</strong></span> <span class='ocrx_word' id='word_1_57' title='bbox 346 1035 404 1096; x_wconf 89' lang='lat' dir='ltr'><strong>alia</strong></span> <span class='ocrx_word' id='word_1_58' title='bbox 421 1035 513 1120; x_wconf 87' lang='lat' dir='ltr'><strong>hujus</strong></span> <span class='ocrx_word' id='word_1_59' title='bbox 530 1038 661 1118; x_wconf 78' lang='lat' dir='ltr'><strong>generis,</strong></span> <span class='ocrx_word' id='word_1_60' title='bbox 681 1039 765 1120; x_wconf 81' lang='lat' dir='ltr'><strong>parsi</strong></span> <span class='ocrx_word' id='word_1_61' title='bbox 783 1050 854 1100; x_wconf 88' lang='lat' dir='ltr'><strong>sunt</strong></span> <span class='ocrx_word' id='word_1_62' title='bbox 868 1040 1022 1100; x_wconf 82' lang='lat' dir='ltr'><strong>momenti.</strong></span> <span class='ocrx_word' id='word_1_63' title='bbox 1065 1034 1241 1098; x_wconf 77' lang='lat' dir='ltr'><strong>Plutarchus</strong></span> <span class='ocrx_word' id='word_1_64' title='bbox 1265 1057 1330 1096; x_wconf 87' lang='lat' dir='ltr'><strong>me-</strong></span> 
     </span>
    </p>
   </div>
   <div class='ocr_carea' id='block_1_4' title="bbox 170 1141 1344 3528">
    <p class='ocr_par' dir='ltr' id='par_1_4' title="bbox 170 1141 1344 3528">
     <span class='ocr_line' id='line_1_8' title="bbox 250 1141 1330 1226; baseline 0.006 -26"><span class='ocrx_word' id='word_1_65' title='bbox 250 1141 388 1219; x_wconf 87' lang='lat' dir='ltr'><strong>moriter,</strong></span> <span class='ocrx_word' id='word_1_66' title='bbox 409 1141 534 1222; x_wconf 83' lang='lat' dir='ltr'>opinor,</span> <span class='ocrx_word' id='word_1_67' title='bbox 554 1141 614 1202; x_wconf 89' lang='lat' dir='ltr'><strong>hoo</strong></span> <span class='ocrx_word' id='word_1_68' title='bbox 634 1142 749 1206; x_wconf 85' lang='lat' dir='ltr'><strong>dictum</strong></span> <span class='ocrx_word' id='word_1_69' title='bbox 770 1143 914 1221; x_wconf 87' lang='lat' dir='ltr'><strong>reserens,</strong></span> <span class='ocrx_word' id='word_1_70' title='bbox 936 1144 1023 1226; x_wconf 77' lang='lat' dir='ltr'><strong>legit:</strong></span> <span class='ocrx_word' id='word_1_71' title='bbox 1045 1149 1188 1225; x_wconf 67' lang='grc' dir='ltr'><strong><em>ζωρότερον</em></strong></span> <span class='ocrx_word' id='word_1_72' title='bbox 1209 1151 1249 1208; x_wconf 72' lang='grc' dir='ltr'><strong>τὶ</strong></span> <span class='ocrx_word' id='word_1_73' title='bbox 1268 1149 1330 1222; x_wconf 69' lang='grc' dir='ltr'><strong>πρὶν</strong></span> 
     </span>
     <span class='ocr_line' id='line_1_9' title="bbox 249 1246 1331 1328; baseline 0 -22"><span class='ocrx_word' id='word_1_74' title='bbox 249 1253 381 1328; x_wconf 64' lang='lat' dir='ltr'><strong>lapara,</strong></span> <span class='ocrx_word' id='word_1_75' title='bbox 403 1246 460 1306; x_wconf 84' lang='lat' dir='ltr'><strong>nisi</strong></span> <span class='ocrx_word' id='word_1_76' title='bbox 481 1247 580 1328; x_wconf 87' lang='lat' dir='ltr'><strong>potius</strong></span> <span class='ocrx_word' id='word_1_77' title='bbox 601 1247 790 1310; x_wconf 80' lang='lat' dir='ltr'><strong>librariorum</strong></span> <span class='ocrx_word' id='word_1_78' title='bbox 810 1249 921 1310; x_wconf 88' lang='lat' dir='ltr'><strong>menda</strong></span> <span class='ocrx_word' id='word_1_79' title='bbox 941 1249 994 1326; x_wconf 91' lang='lat' dir='ltr'><strong>sit;</strong></span> <span class='ocrx_word' id='word_1_80' title='bbox 1025 1247 1207 1308; x_wconf 75' lang='lat' dir='ltr'><strong>vitiosissime</strong></span> <span class='ocrx_word' id='word_1_81' title='bbox 1227 1257 1331 1306; x_wconf 87' lang='lat' dir='ltr'><strong>autem</strong></span> 
     </span>
     <span class='ocr_line' id='line_1_10' title="bbox 250 1349 1332 1442; baseline 0.001 -30"><span class='ocrx_word' id='word_1_82' title='bbox 250 1353 283 1412; x_wconf 92' lang='lat' dir='ltr'><strong>in</strong></span> <span class='ocrx_word' id='word_1_83' title='bbox 304 1350 466 1412; x_wconf 73' lang='lat' dir='ltr'><strong>Aristotelis</strong></span> <span class='ocrx_word' id='word_1_84' title='bbox 487 1349 534 1410; x_wconf 83' lang='lat' dir='ltr'><strong>ed.</strong></span> <span class='ocrx_word' id='word_1_85' title='bbox 552 1351 674 1412; x_wconf 78' lang='lat' dir='ltr'><strong>heller.</strong></span> <span class='ocrx_word' id='word_1_86' title='bbox 694 1350 819 1442; x_wconf 74' lang='lat' dir='ltr'><strong>legitur:</strong></span> <span class='ocrx_word' id='word_1_87' title='bbox 840 1355 915 1431; x_wconf 62' lang='lat' dir='ltr'><strong>alta</strong></span> <span class='ocrx_word' id='word_1_88' title='bbox 934 1357 967 1420; x_wconf 68' lang='grc' dir='ltr'><strong>δὲ</strong></span> <span class='ocrx_word' id='word_1_89' title='bbox 987 1353 1084 1425; x_wconf 64' lang='grc' dir='ltr'>θνήτ’.</span> <span class='ocrx_word' id='word_1_90' title='bbox 1107 1395 1116 1410; x_wconf 94' lang='grc'>.</span> <span class='ocrx_word' id='word_1_91' title='bbox 1137 1397 1146 1410; x_wconf 88' lang='grc'>.</span> <span class='ocrx_word' id='word_1_92' title='bbox 1172 1395 1178 1409; x_wconf 91' lang='grc'>.</span> <span class='ocrx_word' id='word_1_93' title='bbox 1200 1355 1332 1419; x_wconf 69' lang='lat' dir='ltr'><strong>dodran</strong></span> 
     </span>
     <span class='ocr_line' id='line_1_11' title="bbox 251 1455 1332 1541; baseline 0.002 -20"><span class='ocrx_word' id='word_1_94' title='bbox 251 1465 309 1541; x_wconf 65' lang='grc' dir='ltr'><strong>ζῷά</strong></span> <span class='ocrx_word' id='word_1_95' title='bbox 328 1484 363 1526; x_wconf 76' lang='lat' dir='ltr'><strong>rs</strong></span> <span class='ocrx_word' id='word_1_96' title='bbox 384 1465 581 1537; x_wconf 70' lang='grc' dir='ltr'><strong>πρ1νκέκριτο.</strong></span> <span class='ocrx_word' id='word_1_97' title='bbox 621 1457 715 1517; x_wconf 81' lang='lat' dir='ltr'><strong>Etiam</strong></span> <span class='ocrx_word' id='word_1_98' title='bbox 736 1457 923 1520; x_wconf 71' lang='lat' dir='ltr'><strong>iloerheham</strong></span> <span class='ocrx_word' id='word_1_99' title='bbox 942 1459 975 1518; x_wconf 89' lang='lat' dir='ltr'><strong>in</strong></span> <span class='ocrx_word' id='word_1_100' title='bbox 996 1455 1150 1540; x_wconf 85' lang='lat' dir='ltr'><strong>Simplicio</strong></span> <span class='ocrx_word' id='word_1_101' title='bbox 1170 1463 1228 1539; x_wconf 63' lang='grc' dir='ltr'><strong>ζόα</strong></span> <span class='ocrx_word' id='word_1_102' title='bbox 1247 1459 1332 1540; x_wconf 58' lang='lat' dir='ltr'><strong>(ijo)</strong></span> 
     </span>
     <span class='ocr_line' id='line_1_12' title="bbox 251 1561 1330 1646; baseline -0.001 -24"><span class='ocrx_word' id='word_1_103' title='bbox 251 1563 370 1646; x_wconf 77' lang='lat' dir='ltr'><strong>legisse,</strong></span> <span class='ocrx_word' id='word_1_104' title='bbox 395 1561 509 1622; x_wconf 90' lang='lat' dir='ltr'><strong>indicat</strong></span> <span class='ocrx_word' id='word_1_105' title='bbox 533 1563 598 1645; x_wconf 86' lang='lat' dir='ltr'><strong>ojus</strong></span> <span class='ocrx_word' id='word_1_106' title='bbox 618 1563 840 1643; x_wconf 76' lang='lat' dir='ltr'><strong>interpretatio,</strong></span> <span class='ocrx_word' id='word_1_107' title='bbox 869 1565 893 1624; x_wconf 89' lang='lat' dir='ltr'><strong>si</strong></span> <span class='ocrx_word' id='word_1_108' title='bbox 913 1583 948 1624; x_wconf 88' lang='lat' dir='ltr'><strong>ea</strong></span> <span class='ocrx_word' id='word_1_109' title='bbox 968 1561 1171 1644; x_wconf 83' lang='lat' dir='ltr'><strong>interpretatio</strong></span> <span class='ocrx_word' id='word_1_110' title='bbox 1192 1561 1330 1643; x_wconf 87' lang='lat' dir='ltr'><strong>appella·</strong></span> 
     </span>
     <span class='ocr_line' id='line_1_13' title="bbox 250 1665 1330 1748; baseline 0 -22"><span class='ocrx_word' id='word_1_111' title='bbox 250 1667 273 1726; x_wconf 89' lang='lat' dir='ltr'><strong>ri</strong></span> <span class='ocrx_word' id='word_1_112' title='bbox 301 1675 415 1748; x_wconf 88' lang='lat' dir='ltr'><strong>potest:</strong></span> <span class='ocrx_word' id='word_1_113' title='bbox 449 1687 551 1748; x_wconf 80' lang='lat' dir='ltr'><strong>aquae</strong></span> <span class='ocrx_word' id='word_1_114' title='bbox 577 1677 738 1748; x_wconf 84' lang='lat' dir='ltr'><strong>antequam</strong></span> <span class='ocrx_word' id='word_1_115' title='bbox 767 1665 924 1728; x_wconf 79' lang='lat' dir='ltr'><strong>addiscant</strong></span> <span class='ocrx_word' id='word_1_116' title='bbox 950 1666 1131 1727; x_wconf 78' lang='lat' dir='ltr'><strong>immortalia</strong></span> <span class='ocrx_word' id='word_1_117' title='bbox 1151 1687 1212 1726; x_wconf 87' lang='lat' dir='ltr'><strong>esse</strong></span> <span class='ocrx_word' id='word_1_118' title='bbox 1243 1665 1330 1726; x_wconf 87' lang='lat' dir='ltr'><strong>ani·</strong></span> 
     </span>
     <span class='ocr_line' id='line_1_14' title="bbox 249 1767 1328 1853; baseline 0.001 -24"><span class='ocrx_word' id='word_1_119' title='bbox 249 1769 367 1830; x_wconf 82' lang='lat' dir='ltr'><strong>naalia</strong></span> <span class='ocrx_word' id='word_1_120' title='bbox 395 1791 430 1830; x_wconf 90' lang='lat' dir='ltr'><strong>ac</strong></span> <span class='ocrx_word' id='word_1_121' title='bbox 457 1771 539 1852; x_wconf 90' lang='lat' dir='ltr'><strong>prius</strong></span> <span class='ocrx_word' id='word_1_122' title='bbox 558 1769 718 1831; x_wconf 85' lang='lat' dir='ltr'><strong>indiscreta</strong></span> <span class='ocrx_word' id='word_1_123' title='bbox 739 1769 907 1853; x_wconf 89' lang='lat' dir='ltr'><strong>disponunt</strong></span> <span class='ocrx_word' id='word_1_124' title='bbox 927 1767 1017 1830; x_wconf 80' lang='lat' dir='ltr'><strong>aias.”</strong></span> <span class='ocrx_word' id='word_1_125' title='bbox 1058 1769 1115 1832; x_wconf 86' lang='lat' dir='ltr'><strong>Sed</strong></span> <span class='ocrx_word' id='word_1_126' title='bbox 1134 1777 1206 1853; x_wconf 65' lang='grc' dir='ltr'><strong>ζωρά</strong></span> <span class='ocrx_word' id='word_1_127' title='bbox 1223 1791 1328 1831; x_wconf 84' lang='lat' dir='ltr'><strong>verum</strong></span> 
     </span>
     <span class='ocr_line' id='line_1_15' title="bbox 248 1871 1327 1957; baseline 0 -21"><span class='ocrx_word' id='word_1_128' title='bbox 248 1895 309 1936; x_wconf 86' lang='lat' dir='ltr'><strong>esse</strong></span> <span class='ocrx_word' id='word_1_129' title='bbox 344 1885 501 1934; x_wconf 67' lang='lat' dir='ltr'><strong>testantur</strong></span> <span class='ocrx_word' id='word_1_130' title='bbox 521 1871 741 1956; x_wconf 77' lang='lat' dir='ltr'><strong>Theophrastus</strong></span> <span class='ocrx_word' id='word_1_131' title='bbox 777 1873 859 1957; x_wconf 89' lang='lat' dir='ltr'><strong>apud</strong></span> <span class='ocrx_word' id='word_1_132' title='bbox 892 1873 1100 1950; x_wconf 76' lang='lat' dir='ltr'><strong>Athenaeum,</strong></span> <span class='ocrx_word' id='word_1_133' title='bbox 1133 1873 1327 1952; x_wconf 85' lang='lat' dir='ltr'><strong>Plutarchus,</strong></span> 
     </span>
     <span class='ocr_line' id='line_1_16' title="bbox 247 1977 1327 2062; baseline 0.001 -23"><span class='ocrx_word' id='word_1_134' title='bbox 247 1977 432 2051; x_wconf 84' lang='lat' dir='ltr'><strong>Eustathius,</strong></span> <span class='ocrx_word' id='word_1_135' title='bbox 453 1977 486 2038; x_wconf 96' lang='lat' dir='ltr'><strong>ll.</strong></span> <span class='ocrx_word' id='word_1_136' title='bbox 507 1977 540 2038; x_wconf 87' lang='lat' dir='ltr'><strong>ll.</strong></span> <span class='ocrx_word' id='word_1_137' title='bbox 563 1979 617 2062; x_wconf 88' lang='lat' dir='ltr'><strong>qui</strong></span> <span class='ocrx_word' id='word_1_138' title='bbox 636 1977 711 2038; x_wconf 86' lang='lat' dir='ltr'><strong>haec</strong></span> <span class='ocrx_word' id='word_1_139' title='bbox 732 1978 812 2038; x_wconf 86' lang='lat' dir='ltr'><strong>dicta</strong></span> <span class='ocrx_word' id='word_1_140' title='bbox 833 1977 977 2040; x_wconf 86' lang='lat' dir='ltr'><strong>adhihent</strong></span> <span class='ocrx_word' id='word_1_141' title='bbox 996 1977 1034 2038; x_wconf 87' lang='lat' dir='ltr'><strong>ad</strong></span> <span class='ocrx_word' id='word_1_142' title='bbox 1052 1989 1228 2061; x_wconf 88' lang='lat' dir='ltr'><strong>potestatem</strong></span> <span class='ocrx_word' id='word_1_143' title='bbox 1246 1981 1327 2040; x_wconf 81' lang='lat' dir='ltr'><strong>vocis</strong></span> 
     </span>
     <span class='ocr_line' id='line_1_17' title="bbox 249 2081 1327 2167; baseline 0.003 -25"><span class='ocrx_word' id='word_1_144' title='bbox 249 2091 328 2166; x_wconf 65' lang='grc' dir='ltr'><strong><em>ζωρόν</em></strong></span> <span class='ocrx_word' id='word_1_145' title='bbox 345 2081 569 2143; x_wconf 85' lang='lat' dir='ltr'><strong>declarandam.</strong></span> <span class='ocrx_word' id='word_1_146' title='bbox 609 2081 690 2143; x_wconf 91' lang='lat' dir='ltr'><strong>lllud</strong></span> <span class='ocrx_word' id='word_1_147' title='bbox 704 2103 776 2142; x_wconf 82' lang='lat' dir='ltr'><strong>vero</strong></span> <span class='ocrx_word' id='word_1_148' title='bbox 790 2081 999 2144; x_wconf 87' lang='lat' dir='ltr'><strong>difficultatem</strong></span> <span class='ocrx_word' id='word_1_149' title='bbox 1011 2082 1082 2144; x_wconf 83' lang='lat' dir='ltr'><strong>lecit</strong></span> <span class='ocrx_word' id='word_1_150' title='bbox 1096 2083 1222 2160; x_wconf 84' lang='lat' dir='ltr'><strong>criticis,</strong></span> <span class='ocrx_word' id='word_1_151' title='bbox 1242 2085 1327 2167; x_wconf 90' lang='lat' dir='ltr'><strong>quod</strong></span> 
     </span>
     <span class='ocr_line' id='line_1_18' title="bbox 248 2184 1344 2273; baseline 0 -25"><span class='ocrx_word' id='word_1_152' title='bbox 248 2199 320 2273; x_wconf 63' lang='grc' dir='ltr'><strong>ζιρὶ</strong></span> <span class='ocrx_word' id='word_1_153' title='bbox 339 2199 369 2249; x_wconf 90' lang='lat' dir='ltr'><strong>et</strong></span> <span class='ocrx_word' id='word_1_154' title='bbox 388 2193 498 2267; x_wconf 59' lang='lat' dir='ltr'><strong>stepen</strong></span> <span class='ocrx_word' id='word_1_155' title='bbox 520 2184 570 2246; x_wconf 87' lang='lat' dir='ltr'><strong>hic</strong></span> <span class='ocrx_word' id='word_1_156' title='bbox 585 2186 721 2268; x_wconf 89' lang='lat' dir='ltr'><strong>opposita</strong></span> <span class='ocrx_word' id='word_1_157' title='bbox 738 2187 813 2262; x_wconf 90' lang='lat' dir='ltr'><strong>siut,</strong></span> <span class='ocrx_word' id='word_1_158' title='bbox 831 2207 908 2270; x_wconf 86' lang='lat' dir='ltr'><strong>quae</strong></span> <span class='ocrx_word' id='word_1_159' title='bbox 926 2186 1061 2270; x_wconf 84' lang='lat' dir='ltr'><strong>alioquin</strong></span> <span class='ocrx_word' id='word_1_160' title='bbox 1074 2207 1131 2268; x_wconf 88' lang='lat' dir='ltr'><strong>pro</strong></span> <span class='ocrx_word' id='word_1_161' title='bbox 1145 2190 1327 2270; x_wconf 77' lang='lat' dir='ltr'><strong>synonymis</strong></span> <span class='ocrx_word' id='word_1_162' title='bbox 1342 2225 1344 2228; x_wconf 94' lang='lat'>-</span> 
     </span>
     <span class='ocr_line' id='line_1_19' title="bbox 247 2289 1328 2372; baseline -0.004 -14"><span class='ocrx_word' id='word_1_163' title='bbox 247 2293 351 2357; x_wconf 89' lang='lat' dir='ltr'><strong>haheri</strong></span> <span class='ocrx_word' id='word_1_164' title='bbox 371 2291 495 2352; x_wconf 88' lang='lat' dir='ltr'><strong>soleant.</strong></span> <span class='ocrx_word' id='word_1_165' title='bbox 540 2291 643 2372; x_wconf 82' lang='lat' dir='ltr'><strong>ltaque</strong></span> <span class='ocrx_word' id='word_1_166' title='bbox 664 2289 827 2350; x_wconf 88' lang='lat' dir='ltr'><strong>llermann.</strong></span> <span class='ocrx_word' id='word_1_167' title='bbox 849 2290 882 2350; x_wconf 90' lang='lat' dir='ltr'><strong>in</strong></span> <span class='ocrx_word' id='word_1_168' title='bbox 903 2289 1024 2350; x_wconf 75' lang='lat' dir='ltr'><strong>Aristot.</strong></span> <span class='ocrx_word' id='word_1_169' title='bbox 1044 2289 1235 2352; x_wconf 88' lang='lat' dir='ltr'><strong>scribendum</strong></span> <span class='ocrx_word' id='word_1_170' title='bbox 1254 2315 1328 2354; x_wconf 90' lang='lat' dir='ltr'><strong>cen-</strong></span> 
     </span>
     <span class='ocr_line' id='line_1_20' title="bbox 248 2397 1326 2482; baseline -0.007 -16"><span class='ocrx_word' id='word_1_171' title='bbox 248 2401 322 2460; x_wconf 76' lang='lat' dir='ltr'><strong>suit:</strong></span> <span class='ocrx_word' id='word_1_172' title='bbox 345 2407 415 2482; x_wconf 66' lang='grc' dir='ltr'><strong>ζωρά</strong></span> <span class='ocrx_word' id='word_1_173' title='bbox 435 2427 470 2466; x_wconf 83' lang='lat' dir='ltr'><strong>rr</strong></span> <span class='ocrx_word' id='word_1_174' title='bbox 489 2406 552 2477; x_wconf 71' lang='lat' dir='ltr'><strong>arpis</strong></span> <span class='ocrx_word' id='word_1_175' title='bbox 571 2404 701 2477; x_wconf 70' lang='lat' dir='ltr'><strong>sisaran.</strong></span> <span class='ocrx_word' id='word_1_176' title='bbox 719 2397 785 2469; x_wconf 66' lang='lat' dir='ltr'><strong>alii,</strong></span> <span class='ocrx_word' id='word_1_177' title='bbox 807 2404 878 2480; x_wconf 58' lang='lat' dir='ltr'><strong>{aas</strong></span> <span class='ocrx_word' id='word_1_178' title='bbox 897 2424 931 2464; x_wconf 80' lang='lat' dir='ltr'><strong>rs</strong></span> <span class='ocrx_word' id='word_1_179' title='bbox 951 2405 992 2462; x_wconf 71' lang='grc' dir='ltr'><strong>τὶ</strong></span> <span class='ocrx_word' id='word_1_180' title='bbox 1010 2404 1071 2476; x_wconf 70' lang='grc' dir='ltr'><strong>πρὶν</strong></span> <span class='ocrx_word' id='word_1_181' title='bbox 1092 2403 1235 2478; x_wconf 56' lang='lat' dir='ltr'><strong>adapes-s„</strong></span> <span class='ocrx_word' id='word_1_182' title='bbox 1267 2397 1326 2458; x_wconf 82' lang='lat' dir='ltr'><strong>Sed</strong></span> 
     </span>
     <span class='ocr_line' id='line_1_21' title="bbox 246 2501 1342 2586; baseline -0.004 -22"><span class='ocrx_word' id='word_1_183' title='bbox 246 2504 366 2586; x_wconf 78' lang='lat' dir='ltr'><strong>vulgata</strong></span> <span class='ocrx_word' id='word_1_184' title='bbox 394 2502 484 2563; x_wconf 89' lang='lat' dir='ltr'><strong>lectio</strong></span> <span class='ocrx_word' id='word_1_185' title='bbox 511 2501 699 2563; x_wconf 88' lang='lat' dir='ltr'><strong>sollicitanda</strong></span> <span class='ocrx_word' id='word_1_186' title='bbox 729 2523 791 2562; x_wconf 82' lang='lat' dir='ltr'><strong>non</strong></span> <span class='ocrx_word' id='word_1_187' title='bbox 821 2513 893 2562; x_wconf 87' lang='lat' dir='ltr'><strong>erat.</strong></span> <span class='ocrx_word' id='word_1_188' title='bbox 936 2503 1010 2562; x_wconf 83' lang='lat' dir='ltr'><strong>llam</strong></span> <span class='ocrx_word' id='word_1_189' title='bbox 1042 2509 1124 2584; x_wconf 67' lang='grc' dir='ltr'><strong>ζωρὶς</strong></span> <span class='ocrx_word' id='word_1_190' title='bbox 1150 2503 1202 2562; x_wconf 91' lang='lat' dir='ltr'><strong>etsi</strong></span> <span class='ocrx_word' id='word_1_191' title='bbox 1233 2501 1342 2584; x_wconf 76' lang='lat' dir='ltr'><strong>vulgo·</strong></span> 
     </span>
     <span class='ocr_line' id='line_1_22' title="bbox 246 2605 1327 2690; baseline 0 -25"><span class='ocrx_word' id='word_1_192' title='bbox 246 2605 396 2688; x_wconf 82' lang='lat' dir='ltr'><strong>significat</strong></span> <span class='ocrx_word' id='word_1_193' title='bbox 420 2628 535 2682; x_wconf 82' lang='lat' dir='ltr'><strong>meras,</strong></span> <span class='ocrx_word' id='word_1_194' title='bbox 563 2613 644 2689; x_wconf 65' lang='lat' dir='ltr'><strong>&lt;apta</strong></span> <span class='ocrx_word' id='word_1_195' title='bbox 669 2627 802 2678; x_wconf 75' lang='lat' dir='ltr'><strong>asamar,</strong></span> <span class='ocrx_word' id='word_1_196' title='bbox 832 2617 934 2666; x_wconf 87' lang='lat' dir='ltr'><strong>tamen</strong></span> <span class='ocrx_word' id='word_1_197' title='bbox 962 2617 1124 2689; x_wconf 89' lang='lat' dir='ltr'><strong>usurpatur</strong></span> <span class='ocrx_word' id='word_1_198' title='bbox 1146 2627 1266 2690; x_wconf 89' lang='lat' dir='ltr'><strong>quoquc</strong></span> <span class='ocrx_word' id='word_1_199' title='bbox 1287 2605 1327 2665; x_wconf 91' lang='lat' dir='ltr'><strong>de</strong></span> 
     </span>
     <span class='ocr_line' id='line_1_23' title="bbox 247 2709 1327 2793; baseline 0 -25"><span class='ocrx_word' id='word_1_200' title='bbox 247 2713 318 2772; x_wconf 87' lang='lat' dir='ltr'><strong>vino</strong></span> <span class='ocrx_word' id='word_1_201' title='bbox 336 2715 441 2792; x_wconf 71' lang='lat' dir='ltr'><strong>fortius</strong></span> <span class='ocrx_word' id='word_1_202' title='bbox 462 2723 636 2790; x_wconf 82' lang='lat' dir='ltr'><strong>temperato,</strong></span> <span class='ocrx_word' id='word_1_203' title='bbox 662 2731 727 2770; x_wconf 91' lang='lat' dir='ltr'><strong>non</strong></span> <span class='ocrx_word' id='word_1_204' title='bbox 747 2710 836 2769; x_wconf 87' lang='lat' dir='ltr'><strong>nimis</strong></span> <span class='ocrx_word' id='word_1_205' title='bbox 856 2709 972 2788; x_wconf 82' lang='lat' dir='ltr'><strong>dilut03</strong></span> <span class='ocrx_word' id='word_1_206' title='bbox 992 2731 1054 2793; x_wconf 91' lang='lat' dir='ltr'><strong>quo</strong></span> <span class='ocrx_word' id='word_1_207' title='bbox 1074 2731 1162 2770; x_wconf 89' lang='lat' dir='ltr'><strong>sensu</strong></span> <span class='ocrx_word' id='word_1_208' title='bbox 1179 2711 1245 2792; x_wconf 86' lang='lat' dir='ltr'><strong>jam</strong></span> <span class='ocrx_word' id='word_1_209' title='bbox 1266 2709 1327 2769; x_wconf 88' lang='lat' dir='ltr'><strong>lio·</strong></span> 
     </span>
     <span class='ocr_line' id='line_1_24' title="bbox 249 2814 1327 2899; baseline 0.001 -23"><span class='ocrx_word' id='word_1_210' title='bbox 249 2837 347 2876; x_wconf 85' lang='lat' dir='ltr'><strong>merus</strong></span> <span class='ocrx_word' id='word_1_211' title='bbox 368 2817 404 2878; x_wconf 93' lang='lat' dir='ltr'><strong>ll.</strong></span> <span class='ocrx_word' id='word_1_212' title='bbox 427 2847 453 2892; x_wconf 64' lang='grc' dir='ltr'><strong>ι,</strong></span> <span class='ocrx_word' id='word_1_213' title='bbox 474 2817 551 2876; x_wconf 80' lang='lat'><strong>203:</strong></span> <span class='ocrx_word' id='word_1_214' title='bbox 577 2824 719 2899; x_wconf 66' lang='grc' dir='ltr'><strong><em>ζωρότερον</em></strong></span> <span class='ocrx_word' id='word_1_215' title='bbox 740 2821 772 2884; x_wconf 70' lang='lat' dir='ltr'><strong>hs</strong></span> <span class='ocrx_word' id='word_1_216' title='bbox 792 2823 894 2897; x_wconf 69' lang='grc' dir='ltr'><strong>κέραιε.</strong></span> <span class='ocrx_word' id='word_1_217' title='bbox 920 2815 1001 2877; x_wconf 89' lang='lat' dir='ltr'><strong>unde</strong></span> <span class='ocrx_word' id='word_1_218' title='bbox 1024 2827 1054 2878; x_wconf 88' lang='lat' dir='ltr'><strong>et</strong></span> <span class='ocrx_word' id='word_1_219' title='bbox 1072 2823 1221 2898; x_wconf 68' lang='grc' dir='ltr'><strong>μιλεζωρος</strong></span> <span class='ocrx_word' id='word_1_220' title='bbox 1244 2814 1327 2877; x_wconf 90' lang='lat' dir='ltr'><strong>idem</strong></span> 
     </span>
     <span class='ocr_line' id='line_1_25' title="bbox 246 2921 1327 3006; baseline 0.001 -27"><span class='ocrx_word' id='word_1_221' title='bbox 246 2921 329 3003; x_wconf 84' lang='lat' dir='ltr'><strong>quod</strong></span> <span class='ocrx_word' id='word_1_222' title='bbox 349 2931 528 3002; x_wconf 66' lang='grc' dir='ltr'><strong>μελίκρηπς.</strong></span> <span class='ocrx_word' id='word_1_223' title='bbox 571 2925 647 3004; x_wconf 83' lang='lat' dir='ltr'><strong>Ergo</strong></span> <span class='ocrx_word' id='word_1_224' title='bbox 665 2921 855 3005; x_wconf 83' lang='lat' dir='ltr'><strong>Empedocli,</strong></span> <span class='ocrx_word' id='word_1_225' title='bbox 869 2923 922 3006; x_wconf 90' lang='lat' dir='ltr'><strong>qui</strong></span> <span class='ocrx_word' id='word_1_226' title='bbox 934 2943 952 2982; x_wconf 87' lang='lat' dir='ltr'><strong>a</strong></span> <span class='ocrx_word' id='word_1_227' title='bbox 966 2921 1080 3004; x_wconf 79' lang='lat' dir='ltr'><strong>vulgari</strong></span> <span class='ocrx_word' id='word_1_228' title='bbox 1094 2921 1237 2982; x_wconf 86' lang='lat' dir='ltr'><strong>sermonis</strong></span> <span class='ocrx_word' id='word_1_229' title='bbox 1250 2941 1327 2980; x_wconf 90' lang='lat' dir='ltr'><strong>con-</strong></span> 
     </span>
     <span class='ocr_line' id='line_1_26' title="bbox 247 3027 1327 3111; baseline -0.001 -22"><span class='ocrx_word' id='word_1_230' title='bbox 247 3028 404 3089; x_wconf 88' lang='lat' dir='ltr'><strong>suetudine</strong></span> <span class='ocrx_word' id='word_1_231' title='bbox 419 3049 481 3088; x_wconf 88' lang='lat' dir='ltr'><strong>non</strong></span> <span class='ocrx_word' id='word_1_232' title='bbox 497 3049 563 3088; x_wconf 87' lang='lat' dir='ltr'><strong>raro</strong></span> <span class='ocrx_word' id='word_1_233' title='bbox 576 3027 721 3103; x_wconf 87' lang='lat' dir='ltr'><strong>discessit,</strong></span> <span class='ocrx_word' id='word_1_234' title='bbox 736 3027 821 3088; x_wconf 91' lang='lat' dir='ltr'><strong>licuit</strong></span> <span class='ocrx_word' id='word_1_235' title='bbox 834 3049 904 3089; x_wconf 92' lang='lat' dir='ltr'><strong>saue</strong></span> <span class='ocrx_word' id='word_1_236' title='bbox 918 3035 1000 3110; x_wconf 65' lang='lat' dir='ltr'><strong>{epto</strong></span> <span class='ocrx_word' id='word_1_237' title='bbox 1013 3028 1111 3090; x_wconf 89' lang='lat' dir='ltr'><strong>dicere</strong></span> <span class='ocrx_word' id='word_1_238' title='bbox 1123 3049 1179 3111; x_wconf 89' lang='lat' dir='ltr'><strong>pro</strong></span> <span class='ocrx_word' id='word_1_239' title='bbox 1191 3033 1327 3108; x_wconf 58' lang='grc' dir='ltr'><strong>εὔκριτον</strong></span> 
     </span>
     <span class='ocr_line' id='line_1_27' title="bbox 170 3117 1326 3216; baseline 0.003 -26"><span class='ocrx_word' id='word_1_240' title='bbox 170 3149 175 3158; x_wconf 91' lang='grc'>’</span> <span class='ocrx_word' id='word_1_241' title='bbox 249 3134 293 3194; x_wconf 88' lang='lat' dir='ltr'><strong>vel</strong></span> <span class='ocrx_word' id='word_1_242' title='bbox 317 3140 491 3213; x_wconf 63' lang='grc' dir='ltr'><strong>κεκριμένου,</strong></span> <span class='ocrx_word' id='word_1_243' title='bbox 537 3135 631 3216; x_wconf 81' lang='lat' dir='ltr'><strong>Atque</strong></span> <span class='ocrx_word' id='word_1_244' title='bbox 659 3131 718 3192; x_wconf 89' lang='lat' dir='ltr'><strong>hoc</strong></span> <span class='ocrx_word' id='word_1_245' title='bbox 741 3153 828 3192; x_wconf 88' lang='lat' dir='ltr'><strong>seusu</strong></span> <span class='ocrx_word' id='word_1_246' title='bbox 849 3144 958 3194; x_wconf 85' lang='lat' dir='ltr'><strong>veteres</strong></span> <span class='ocrx_word' id='word_1_247' title='bbox 979 3154 1054 3216; x_wconf 89' lang='lat' dir='ltr'><strong>quos</strong></span> <span class='ocrx_word' id='word_1_248' title='bbox 1075 3117 1230 3194; x_wconf 82' lang='lat' dir='ltr'><strong>citavimus</strong></span> <span class='ocrx_word' id='word_1_249' title='bbox 1252 3155 1326 3194; x_wconf 91' lang='lat' dir='ltr'><strong>auc—</strong></span> 
     </span>
     <span class='ocr_line' id='line_1_28' title="bbox 248 3235 1327 3320; baseline 0.001 -22"><span class='ocrx_word' id='word_1_250' title='bbox 248 3250 341 3314; x_wconf 88' lang='lat' dir='ltr'><strong>torcs,</strong></span> <span class='ocrx_word' id='word_1_251' title='bbox 362 3237 593 3320; x_wconf 84' lang='lat' dir='ltr'><strong>Theophrastus,</strong></span> <span class='ocrx_word' id='word_1_252' title='bbox 616 3235 808 3312; x_wconf 82' lang='lat' dir='ltr'><strong>Plutarchus,</strong></span> <span class='ocrx_word' id='word_1_253' title='bbox 829 3235 1013 3312; x_wconf 85' lang='lat' dir='ltr'><strong>Eustathius,</strong></span> <span class='ocrx_word' id='word_1_254' title='bbox 1030 3259 1186 3320; x_wconf 85' lang='lat' dir='ltr'><strong>accepere,</strong></span> <span class='ocrx_word' id='word_1_255' title='bbox 1200 3238 1232 3297; x_wconf 91' lang='lat' dir='ltr'><strong>in</strong></span> <span class='ocrx_word' id='word_1_256' title='bbox 1247 3260 1327 3320; x_wconf 84' lang='lat' dir='ltr'><strong>quo·</strong></span> 
     </span>
     <span class='ocr_line' id='line_1_29' title="bbox 248 3339 1326 3427; baseline -0.003 -23"><span class='ocrx_word' id='word_1_257' title='bbox 248 3365 316 3404; x_wconf 89' lang='lat' dir='ltr'><strong>rurn</strong></span> <span class='ocrx_word' id='word_1_258' title='bbox 338 3344 454 3427; x_wconf 86' lang='lat' dir='ltr'><strong>jndicio</strong></span> <span class='ocrx_word' id='word_1_259' title='bbox 476 3340 726 3426; x_wconf 85' lang='lat' dir='ltr'><strong>acquiescendum</strong></span> <span class='ocrx_word' id='word_1_260' title='bbox 748 3340 891 3417; x_wconf 87' lang='lat' dir='ltr'><strong>arbitror,</strong></span> <span class='ocrx_word' id='word_1_261' title='bbox 911 3351 946 3400; x_wconf 93' lang='lat' dir='ltr'><strong>ut</strong></span> <span class='ocrx_word' id='word_1_262' title='bbox 962 3339 1076 3401; x_wconf 81' lang='lat' dir='ltr'><strong>Sturaio</strong></span> <span class='ocrx_word' id='word_1_263' title='bbox 1091 3361 1212 3424; x_wconf 86' lang='lat' dir='ltr'><strong>quoque</strong></span> <span class='ocrx_word' id='word_1_264' title='bbox 1229 3341 1326 3401; x_wconf 86' lang='lat' dir='ltr'><strong>visum</strong></span> 
     </span>
     <span class='ocr_line' id='line_1_30' title="bbox 248 3443 1104 3528; baseline -0.006 -19"><span class='ocrx_word' id='word_1_265' title='bbox 248 3461 301 3510; x_wconf 89' lang='lat' dir='ltr'><strong>est.</strong></span> <span class='ocrx_word' id='word_1_266' title='bbox 343 3449 385 3508; x_wconf 87' lang='lat' dir='ltr'><strong>Gl.</strong></span> <span class='ocrx_word' id='word_1_267' title='bbox 408 3445 607 3508; x_wconf 84' lang='lat' dir='ltr'><strong>Graelenhan.</strong></span> <span class='ocrx_word' id='word_1_268' title='bbox 629 3447 661 3504; x_wconf 90' lang='lat' dir='ltr'><strong>in</strong></span> <span class='ocrx_word' id='word_1_269' title='bbox 681 3447 799 3506; x_wconf 80' lang='lat' dir='ltr'><strong>hristot.</strong></span> <span class='ocrx_word' id='word_1_270' title='bbox 821 3447 900 3505; x_wconf 66' lang='lat' dir='ltr'><strong>rost.</strong></span> <span class='ocrx_word' id='word_1_271' title='bbox 923 3465 955 3526; x_wconf 92' lang='lat' dir='ltr'><strong>p.</strong></span> <span class='ocrx_word' id='word_1_272' title='bbox 979 3443 1041 3504; x_wconf 85' lang='grc'><strong>210</strong></span> <span class='ocrx_word' id='word_1_273' title='bbox 1061 3467 1104 3528; x_wconf 90' lang='lat' dir='ltr'><strong>sq.</strong></span> 
     </span>
    </p>
   </div>
   <div class='ocr_carea' id='block_1_5' title="bbox 289 3549 1329 3632">
    <p class='ocr_par' dir='ltr' id='par_1_5' title="bbox 289 3549 1329 3632">
     <span class='ocr_line' id='line_1_31' title="bbox 289 3549 1329 3632; baseline -0.002 -18"><span class='ocrx_word' id='word_1_274' title='bbox 289 3555 337 3616; x_wconf 86' lang='lat' dir='ltr'><strong>Vs.</strong></span> <span class='ocrx_word' id='word_1_275' title='bbox 362 3552 429 3614; x_wconf 83' lang='lat'><strong>181.</strong></span> <span class='ocrx_word' id='word_1_276' title='bbox 474 3561 566 3632; x_wconf 63' lang='lat' dir='ltr'><strong>latua</strong></span> <span class='ocrx_word' id='word_1_277' title='bbox 586 3555 711 3628; x_wconf 64' lang='grc' dir='ltr'><strong>ἰδέσθω)</strong></span> <span class='ocrx_word' id='word_1_278' title='bbox 751 3549 967 3631; x_wconf 80' lang='lat' dir='ltr'><strong>lratelliguntur</strong></span> <span class='ocrx_word' id='word_1_279' title='bbox 987 3561 1119 3610; x_wconf 87' lang='lat' dir='ltr'><strong>monstra</strong></span> <span class='ocrx_word' id='word_1_280' title='bbox 1136 3549 1189 3610; x_wconf 87' lang='lat' dir='ltr'><strong>illa</strong></span> <span class='ocrx_word' id='word_1_281' title='bbox 1209 3558 1329 3632; x_wconf 71' lang='grc' dir='ltr'><strong><em>βουγενῆ</em></strong></span> 
     </span>
    </p>
   </div>
   <div class='ocr_carea' id='block_1_6' title="bbox 243 3653 1327 4053">
    <p class='ocr_par' dir='ltr' id='par_1_6' title="bbox 243 3653 1326 3942">
     <span class='ocr_line' id='line_1_32' title="bbox 243 3653 1326 3742; baseline -0.008 -17"><span class='ocrx_word' id='word_1_282' title='bbox 243 3665 433 3742; x_wconf 50' lang='lat' dir='ltr'><strong>domium,</strong></span> <span class='ocrx_word' id='word_1_283' title='bbox 462 3679 538 3742; x_wconf 85' lang='lat' dir='ltr'><strong>quac</strong></span> <span class='ocrx_word' id='word_1_284' title='bbox 571 3656 779 3718; x_wconf 85' lang='lat' dir='ltr'><strong>describuntur</strong></span> <span class='ocrx_word' id='word_1_285' title='bbox 808 3653 886 3713; x_wconf 80' lang='lat' dir='ltr'><strong>iussa</strong></span> <span class='ocrx_word' id='word_1_286' title='bbox 913 3674 953 3713; x_wconf 81' lang='lat' dir='ltr'><strong>vs.</strong></span> <span class='ocrx_word' id='word_1_287' title='bbox 982 3653 1043 3714; x_wconf 81' lang='lat'><strong>238</strong></span> <span class='ocrx_word' id='word_1_288' title='bbox 1071 3676 1136 3738; x_wconf 86' lang='lat' dir='ltr'><strong>sqq.</strong></span> <span class='ocrx_word' id='word_1_289' title='bbox 1186 3657 1326 3718; x_wconf 74' lang='lat' dir='ltr'><strong>Similiter</strong></span> 
     </span>
     <span class='ocr_line' id='line_1_33' title="bbox 249 3760 1325 3844; baseline 0 -20"><span class='ocrx_word' id='word_1_290' title='bbox 249 3769 362 3828; x_wconf 82' lang='lat' dir='ltr'><strong>haeret.</strong></span> <span class='ocrx_word' id='word_1_291' title='bbox 385 3769 418 3842; x_wconf 88' lang='lat' dir='ltr'><strong>V,</strong></span> <span class='ocrx_word' id='word_1_292' title='bbox 438 3764 515 3825; x_wconf 79' lang='lat'><strong>836:</strong></span> <span class='ocrx_word' id='word_1_293' title='bbox 538 3765 614 3821; x_wconf 79' lang='lat' dir='ltr'><strong>mird</strong></span> <span class='ocrx_word' id='word_1_294' title='bbox 632 3763 712 3842; x_wconf 77' lang='lat' dir='ltr'><strong>sacia</strong></span> <span class='ocrx_word' id='word_1_295' title='bbox 732 3760 926 3838; x_wconf 79' lang='lat' dir='ltr'><strong>membrisque</strong></span> <span class='ocrx_word' id='word_1_296' title='bbox 947 3767 1053 3819; x_wconf 73' lang='lat' dir='ltr'><strong>cetina.</strong></span> <span class='ocrx_word' id='word_1_297' title='bbox 1095 3760 1197 3843; x_wconf 74' lang='lat' dir='ltr'><strong>vagit.</strong></span> <span class='ocrx_word' id='word_1_298' title='bbox 1217 3763 1325 3844; x_wconf 83' lang='lat' dir='ltr'><strong>Georg.</strong></span> 
     </span>
     <span class='ocr_line' id='line_1_34' title="bbox 251 3865 945 3942; baseline -0.012 -13"><span class='ocrx_word' id='word_1_299' title='bbox 251 3871 306 3942; x_wconf 85' lang='lat' dir='ltr'><strong>lV,</strong></span> <span class='ocrx_word' id='word_1_300' title='bbox 329 3871 404 3932; x_wconf 83' lang='lat'><strong>309:</strong></span> <span class='ocrx_word' id='word_1_301' title='bbox 427 3870 550 3930; x_wconf 77' lang='lat' dir='ltr'><strong>visando</strong></span> <span class='ocrx_word' id='word_1_302' title='bbox 570 3866 666 3926; x_wconf 71' lang='lat' dir='ltr'><strong>essedis</strong></span> <span class='ocrx_word' id='word_1_303' title='bbox 687 3865 832 3924; x_wconf 78' lang='lat' dir='ltr'><strong>onisrrnla&#39;a</strong></span> <span class='ocrx_word' id='word_1_304' title='bbox 853 3865 945 3922; x_wconf 66' lang='lat' dir='ltr'><strong>mdis.</strong></span> 
     </span>
    </p>

    <p class='ocr_par' dir='ltr' id='par_1_7' title="bbox 290 3965 1327 4053">
     <span class='ocr_line' id='line_1_35' title="bbox 290 3965 1327 4053; baseline 0.001 -20"><span class='ocrx_word' id='word_1_305' title='bbox 290 3975 353 4035; x_wconf 77' lang='lat' dir='ltr'><strong>l&#39;ss.</strong></span> <span class='ocrx_word' id='word_1_306' title='bbox 378 3973 519 4035; x_wconf 64' lang='lat'><strong>182185.</strong></span> <span class='ocrx_word' id='word_1_307' title='bbox 561 3978 586 4036; x_wconf 80' lang='lat' dir='ltr'><strong>sl</strong></span> <span class='ocrx_word' id='word_1_308' title='bbox 606 3971 631 4034; x_wconf 75' lang='grc' dir='ltr'><strong>δ’</strong></span> <span class='ocrx_word' id='word_1_309' title='bbox 652 3975 719 4050; x_wconf 70' lang='lat' dir='ltr'><strong>hys.</strong></span> <span class='ocrx_word' id='word_1_310' title='bbox 738 4003 773 4017; x_wconf 92' lang='lat'><em>-</em></span> <span class='ocrx_word' id='word_1_311' title='bbox 799 3972 938 4043; x_wconf 69' lang='lat' dir='ltr'><strong>drusae-l</strong></span> <span class='ocrx_word' id='word_1_312' title='bbox 978 3967 1108 4030; x_wconf 72' lang='lat' dir='ltr'><strong>Fortasse</strong></span> <span class='ocrx_word' id='word_1_313' title='bbox 1129 3965 1174 4030; x_wconf 76' lang='lat' dir='ltr'><strong>hit</strong></span> <span class='ocrx_word' id='word_1_314' title='bbox 1195 3990 1249 4031; x_wconf 77' lang='lat' dir='ltr'><strong>tss.</strong></span> <span class='ocrx_word' id='word_1_315' title='bbox 1273 3993 1327 4053; x_wconf 77' lang='lat' dir='ltr'><strong>ag·</strong></span> 
     </span>
    </p>
   </div>
   <div class='ocr_carea' id='block_1_7' title="bbox 0 0 1508 4830">
    <p class='ocr_par' dir='ltr' id='par_1_8' title="bbox 0 0 1508 4830">
     <span class='ocr_line' id='line_1_36' title="bbox 0 0 1508 4830; baseline 0 0"><span class='ocrx_word' id='word_1_316' title='bbox 0 0 1508 4830; x_wconf 95' lang='lat' dir='ltr'><strong> </strong></span> 
     </span>
    </p>
   </div>
  </div>
 </body>
</html>
