2958 4822
296 375 338 437 02
691 389 738 434 nn
761 385 974 434 eurunocms

295 558 503 650 sepulerum
522 556 707 644 civitatis,-
731 550 889 652 denique
911 549 1100 649 παρήχησις
1121 549 1307 623 literarum
1330 571 1368 644 κρ

295 691 332 750 et
354 705 392 774 τρ
417 679 453 748 in
478 673 627 773 singulis
648 698 763 772 paene
789 671 987 761 vocabulis,
1015 669 1111 771 quod
1137 671 1253 744 nescio
1278 669 1368 769 quid

295 823 374 871 acre
390 795 632 897 epigrammati
649 793 757 866 addit.
791 793 885 866 Sunt
899 806 936 866 et
948 791 1014 864 alia
1027 789 1247 890 Empedoclis
1259 789 1366 880 dicta,

295 921 331 990 in
349 917 482 1019 quibus
499 917 760 1016 paronomasiae
779 928 816 989 et
836 911 1016 994 antithesis
1031 911 1193 1010 exempla
1210 925 1365 1003 exstant,

295 1065 388 1140 quae
417 1039 518 1112 inira
541 1034 720 1134 descripsi.
771 1035 815 1106 In
844 1033 901 1107 his
929 1033 1096 1133 Gorgiam
1123 1033 1217 1106 illius
1239 1059 1366 1108 exem-

294 1161 396 1260 plum
419 1157 638 1248 aemulatum
661 1182 754 1248 esse,
775 1155 873 1229 baud
895 1153 1128 1253 improbabile
1149 1160 1251 1228 ¹⁸²(
1280 1155 1367 1230 Cae-

294 1297 413 1355 terum
433 1279 478 1354 de
497 1277 692 1354 virtutibus
713 1301 860 1379 quoque
878 1277 1035 1350 oratoriis
1055 1275 1158 1348 illum
1178 1291 1365 1376 praecepta

293 1401 444 1496 dedisse,
476 1401 620 1474 Tzetzes
649 1397 822 1498 significat
844 1403 927 1492 ¹⁸³3
969 1397 1106 1470 umetsi
1140 1396 1369 1496 Empedoclis

292 1521 402 1614 dicto,
423 1547 445 1596 e
465 1520 600 1622 quibus
620 1517 716 1592 istud
737 1517 863 1612 efficit,
882 1516 919 1590 id
942 1517 1088 1591 minime
1107 1517 1366 1592 demonstrant.

781 1787 802 1870 ς
825 1789 877 1848 12.

341 2005 551 2081 Accedimus
573 2005 616 2079 ad
640 2004 718 2103 ejus
739 2007 917 2101 podmata,
944 2029 1037 2102 quae
1063 2005 1151 2078 varii
1170 2005 1275 2078 suere
1301 2034 1369 2106 ge·-

293 2129 388 2203 neris
417 2141 453 2204 et
482 2127 697 2228 argumenti.
748 2125 880 2200 Fertur
904 2127 1138 2224 composuisse
1161 2129 1368 2228 tragoedias,

293 2253 452 2349 poemata
484 2273 602 2334 sacra,
624 2245 778 2346 politica,
800 2245 954 2340 medica,
979 2249 1137 2351 physica:
1160 2275 1257 2351 quae
1283 2277 1369 2324 sane

293 2371 441 2444 varietas
460 2370 594 2470 ingenii
611 2369 689 2469 ejus
706 2367 907 2442 ubertatem
924 2368 1087 2444 declarat.
1138 2371 1267 2472 Neque
1286 2397 1370 2448 vero

291 2495 331 2565 in
354 2491 415 2568 tali
436 2493 568 2588 indole,
586 2491 686 2593 quali
707 2487 939 2588 Empedocles
961 2489 1043 2581 fuit,
1063 2491 1284 2585 mirandum,
1305 2493 1368 2565 di-

292 2616 401 2690 versis
433 2616 527 2688 vitae
556 2610 775 2712 temporibus
797 2609 936 2688 diversa
961 2613 1070 2688 fuisse
1087 2613 1270 2689 literarum
1292 2629 1368 2690 stu·

291 2735 359 2807 dia.
412 2733 517 2806 Haud
541 2731 790 2832 improbabile,
821 2732 923 2807 illum
946 2733 1138 2834 juvenem,
1169 2734 1370 2812 ardentiore

292 2855 436 2953 ingenio
475 2851 677 2952 praeditum
716 2869 753 2926 et
785 2853 824 2926 iu
855 2853 963 2930 rebus
994 2857 1144 2957 publicis
1173 2859 1366 2958 agitatum,

292 2975 420 3073 tragica
454 2973 610 3048 carmina
642 2987 679 3047 et
709 2975 848 3074 politica
883 2979 1134 3076 composuisse3
1172 2980 1369 3052 maturiore

292 3107 405 3168 aetate
428 3094 630 3172 divinarum
652 3121 776 3171 rerum
796 3100 918 3172 studio
937 3102 1144 3195 incensum,
1165 3125 1259 3172 sacra
1277 3105 1368 3200 pori-

291 3231 384 3290 mata
409 3215 617 3309 condidiase3
637 3220 891 3317 provectiorem
908 3247 967 3310 ea,
985 3249 1078 3323 quae
1095 3221 1313 3321 experientis
1330 3235 1369 3295 et

325 3433 399 3500 (rba)
418 3433 455 3486 Cl.
466 3433 543 3486 modo
554 3433 624 3486 dicta
635 3451 661 3486 n.
675 3435 729 3489 1⁶³.

325 3525 399 3590 (rso)
416 3525 520 3576 Tzctrea
532 3521 597 3576 chit.
608 3527 680 3590 ΧΠ,
694 3524 743 3579 566
753 3544 808 3599 sqq.
818 3549 824 3580 :

427 3617 560 3686 τὶσσαρας
575 3616 657 3683 λόγου
673 3619 772 3688 ἀρετὰς
789 3621 897 3688 tironos
915 3625 1083 3692 πεφυκέναι,

428 3709 442 3759 ὅ
462 3707 623 3779 Ἰσοκράτης
642 3710 730 3782 ῥήτωρ
748 3731 782 3765 τε
801 3713 884 3774 αὐτὸς
902 3717 949 3767 sol
968 3715 1155 3789 Ἀλκιδάμας,
1176 3758 1183 3772 .
1203 3757 1209 3771 .
1230 3758 1237 3771 .

429 3801 627 3872 Ἐμπεδοκλῆς
643 3808 697 3875 πρὸ
713 3807 824 3858 πάντων
841 3827 888 3872 τε,
906 3810 1046 3874 φιλόσοφος
1063 3812 1078 3863 ὁ
1095 3816 1191 3881 μέγας·

431 3895 507 3962 Myro
524 3899 576 3967 γὰρ
594 3900 646 3966 τὴν
663 3900 841 3964 ἀσάφειαν
859 3903 1110 3974 μελάγκοῤῥον
1127 3905 1272 3977 ὑπάρχειν.

290 3983 393 4036 Dictum
403 3983 454 4037 boc
465 3987 579 4040 occurrit
588 3991 613 4041 in
626 3991 715 4056 fragm.
725 4008 763 4043 vs.
773 4009 811 4056 ²7·
822 3994 887 4046 Cum
898 3997 990 4049 Tactus
999 4000 1112 4050 concinit
1120 3999 1237 4065 ignobilis
1246 3999 1370 4070 scriptor,

292 4073 436 4126 Matthaeus
445 4075 590 4130 Camariotu
602 4095 641 4148 ap.
652 4079 776 4134 scheon.
786 4083 855 4134 iliae.
868 4087 962 4138 lmatel
980 4089 1055 4154 pud.
1066 4089 1110 4141 cit.
1123 4090 1206 4142 Stura.
1222 4107 1246 4159 p.
1259 4089 1297 4142 32.
