2952 4836
505 461 509 468 .
566 423 804 476 l’fflwfflffltd.
1156 413 1218 474 455

82 571 89 584 ’
147 614 257 692 quam
285 587 463 662 crescendi
490 587 722 688 principium:
753 617 837 666 nam
864 592 894 664 si
921 589 1079 667 diversae
1101 603 1218 686 partes

146 713 284 788 diversa
315 721 499 808 appetant,
529 711 709 810 quodnam
739 715 807 786 crit
836 711 978 786 illarum
1008 709 1222 788 vinculum?

145 834 235 935 quid
257 828 454 933 prohibebit
478 833 673 930 quominus
692 831 927 910 divellantur?
942 841 1006 884 ²⁰³
1048 831 1155 925 Quod
1175 831 1221 902 ad

144 955 307 1055 primum
337 952 480 1042 attinet,
510 952 740 1050 Empedocles
770 980 903 1054 supra
932 967 969 1028 et
993 953 1110 1032 inira
1134 952 1224 1026 dixit

143 1075 402 1152 convenienter
426 1071 469 1144 ad
494 1073 643 1166 mundi,
668 1073 945 1168 elomentorum,
970 1072 1057 1148 coeli
1082 1088 1219 1148 terrae-

144 1223 219 1298 que
250 1197 377 1286 situm3
407 1194 538 1268 deinde
569 1197 600 1268 si
629 1196 815 1272 vinculum
854 1210 1048 1297 quaeratur
1083 1194 1220 1271 diversa

145 1342 337 1416 corporum
368 1313 522 1390 membra
551 1317 752 1410 continens,
787 1317 1015 1394 recordemur
1039 1297 1221 1390 Amicitiae
1284 1317 1293 1327 '

146 1440 222 1513 vim
245 1463 290 1512 ex
315 1435 535 1535 Empedoclis
559 1439 733 1514 sententia
758 1461 835 1512 non
859 1438 974 1514 solum
995 1439 1032 1511 iu
1053 1435 1222 1514 universo

145 1557 300 1648 mundo,
337 1555 398 1630 sed
434 1559 540 1632 ctiam
575 1557 614 1630 in
650 1560 852 1634 mortalium
878 1557 1028 1634 artubus
1052 1555 1218 1633 insidere:

146 1679 235 1754 haec
261 1677 368 1754 efficit
389 1679 585 1778 quominus
610 1678 770 1758 diversae
794 1694 911 1780 partes
934 1679 1147 1754 dilabantur.

195 1800 351 1893 Quidam
386 1813 507 1874 autem
541 1798 586 1872 ab
619 1802 833 1900 Empedoclc
866 1801 939 1876 duo
962 1801 1068 1890 haec,
1102 1799 1160 1874 ali
1190 1813 1225 1874 ct
1287 1869 1290 1876 ,

146 1947 359 2014 crescere,
383 1921 555 2018 distingui
579 1920 725 2013 volunt,
750 1937 793 1998 ut
816 1921 1031 1996 Plutarchus
1054 1927 1092 1992 in
1109 1919 1226 1994 Placi-

146 2041 192 2116 tis
216 2041 463 2116 scribemus
493 2039 720 2140 Ἐμπεδοκλῆς
746 2041 972 2142 τρέφεσθαι
998 2044 1059 2138 μὲν
1085 2042 1133 2116 rlt
1158 2041 1225 2134 ζῶα

147 2148 207 2240 lic
238 2163 293 2254 ria
323 2163 507 2240 ὑπόστασιν
537 2193 597 2241 παν
626 2166 759 2258 alarico,
789 2162 986 2255 αὔξεσθαι
1021 2160 1145 2240 tatae
1171 2163 1226 2250 rio

146 2285 327 2383 παρουσίαν
353 2314 412 2360 που
441 2284 579 2384 θερμοῦ,
609 2285 778 2382 μειοῦσθαι
803 2283 839 2362 tt
867 2287 924 2362 aa>
946 2281 1066 2380 Φθὶνειν
1088 2281 1145 2360 διὰ
1171 2283 1226 2372 τὴν

147 2405 295 2500 ἔλλειψιν
315 2409 483 2507 ἑκατέραν.
508 2409 533 2482 i.
559 2434 591 2482 e.
618 2406 664 2480 ali
688 2409 886 2482 animantes
903 2398 1080 2480 similium
1089 2431 1226 2504 suppe-

147 2527 336 2621 ditatione,
357 2555 514 2606 crescere
538 2528 653 2604 calore
675 2531 750 2602 eive
773 2528 866 2626 ignis
889 2527 926 2604 ri
950 2551 1045 2626 quae
1068 2527 1151 2624 ipsis
1174 2527 1228 2598 iu·

148 2663 212 2724 est.
263 2649 439 2726 Placitum
467 2676 540 2726 non
563 2650 807 2748 incongruum
830 2646 1053 2748 Empedoclis
1076 2661 1229 2722 senteu-

148 2769 232 2862 tiae,
266 2772 402 2870 quippe
432 2772 500 2873 qui
527 2771 647 2870 ignem
675 2768 806 2844 nataris
827 2772 893 2842 sud
912 2793 1060 2844 aureum
1083 2767 1230 2844 tendere

148 2888 380 2983 existimavit3
411 2917 457 2964 an
491 2906 609 2966 tamen
642 2889 746 2965 ambo
771 2893 834 2966 ista
854 2891 1073 2984 distinxerit,
1094 2890 1230 2965 dubito.

149 3009 351 3088 Aristoteles
370 3027 465 3086 certe
482 3038 558 3086 non
576 3011 680 3088 modo
705 3038 745 3086 ea
771 3039 843 3084 non
869 3013 1037 3105 secernit,
1058 3011 1119 3086 sed
1144 3039 1229 3110 pos-
1328 3097 1330 3102 ,

149 3131 262 3204 terius
296 3133 402 3206 ctiam
430 3131 600 3230 placitum
633 3145 676 3204 ut
699 3133 924 3232 Empedoclis
948 3132 1145 3210 sententiae
1168 3157 1230 3228 op-

148 3252 305 3349 positum
335 3267 522 3326 memorat:
552 3279 637 3326 nam
671 3265 749 3352 post
777 3252 835 3326 illa
862 3279 956 3352 quae
982 3252 1086 3328 modo
1111 3253 1229 3343 attuli,

150 3369 378 3466 Ἐμπεδοκλῆς
411 3371 439 3448 δ’
475 3376 510 3445 οὐ
548 3377 653 3455 καλῶς
684 3369 786 3471 ἐίρηκε
818 3381 939 3466 ποῦσα,
972 3371 1144 3472 προσθέσει
1175 3373 1231 3463 τὴν

150 3498 285 3588 αὔξησιν
306 3496 502 3593 συμβαίνειν
523 3509 598 3572 κτλ.
618 3495 705 3570 haec
728 3495 895 3593 deinceps
915 3494 1119 3594 subjungit:
1144 3493 1238 3570 δοκεῖ

151 3615 191 3694 δέ
212 3647 296 3694 τισιν
323 3619 341 3708 ἡ
364 3627 423 3695 τοῦ
451 3619 549 3716 πυρὸς
571 3623 673 3713 φάσις
697 3617 812 3697 ἁπλῶς
834 3617 925 3690 αἰτίαν
944 3619 1004 3701 τῆς
1026 3619 1153 3714 τροφῆς
1174 3619 1232 3692 καὶ

182 3833 258 3901 (203)
275 3833 378 3886 Aristot.
400 3832 415 3882 l.
440 3832 455 3882 l
477 3839 506 3885 τί
520 3836 552 3885 τὸ
570 3837 685 3903 αινέχσν
704 3837 746 3894 εἰς
761 3831 897 3886 τάναντία
913 3835 1053 3902 φερόμενα
1069 3851 1102 3886 'co
1114 3839 1171 3906 πῦρ
1182 3841 1230 3890 καὶ

151 3929 202 3993 τὴν
228 3930 297 3993 pairs
324 3927 568 3996 διασπασθήσεται
593 3930 662 3996 γὰρ,
695 3929 721 3980 si
738 3931 776 3996 μή
794 3947 821 3979 τι
842 3926 919 3978 ἔσται
939 3928 971 3977 τὸ
994 3927 1122 3978 κωλῦσον·
1151 3932 1178 3982 ci
1197 3930 1230 3982 dl

152 4018 230 4072 torm
237 4055 245 4082 ,
260 4014 339 4070 τοῦτ’
352 4019 429 4072 ἐστὶν
440 4021 457 4086 ἡ
468 4026 545 4089 ψυχὴ
555 4023 602 4072 aot
614 4023 647 4072 σὺ
658 4019 749 4073 αἶσιον
760 4023 811 4074 σοῦ
826 4019 995 4098 αὐξάνεσθαι
1008 4023 1056 4072 ναὶ
1067 4023 1231 4092 τρέφεσθαι.

185 4110 257 4176 (nol)
274 4109 407 4163 Plutarch.
426 4111 495 4164 Plac.
515 4110 577 4181 phil.
596 4113 628 4174 V,
648 4127 693 4177 υς
710 4112 797 4166 Galen.
812 4105 877 4164 illst.
897 4111 958 4181 phil.
980 4113 1127 4168 xxxvtrr.
