3016 4840
601 341 841 394 ΡΗΙΒΟΒΟΡΗΙΑ.

684 653 761 738 §a

531 920 580 984 BE
597 921 713 986 ttttttnt
732 919 899 987 FABRICA.

230 1121 463 1223 Empedoclea
494 1121 662 1226 physicus
685 1125 763 1201 fere
786 1123 905 1202 vocari
927 1123 1014 1202 sciet
1030 1135 1091 1202 ¹³:
1122 1140 1160 1204 ct
1183 1155 1258 1204 mc-

185 1243 275 1318 ritct
307 1243 423 1318 omnis
452 1246 549 1318 enim
573 1243 653 1345 ejus
677 1243 896 1346 philosophia
919 1247 959 1320 in
982 1275 1106 1324 rernm
1129 1263 1259 1326 natura

184 1363 393 1466 explicanda
416 1378 600 1460 versatum
623 1369 662 1440 in
686 1393 761 1468 quo
785 1365 831 1442 ab
847 1368 997 1462 Eleatis,
1018 1398 1039 1444 a
1060 1368 1193 1470 quibua
1208 1396 1262 1446 cc·

184 1487 350 1588 temquin
382 1487 487 1587 plura
517 1501 706 1562 mutuatus
737 1502 808 1584 cat,
840 1489 1000 1564 multum
1025 1489 1155 1566 differt.
1205 1489 1262 1564 ltti

186 1607 262 1683 veri
278 1609 514 1708 cognitionem
530 1631 681 1708 posuere
696 1609 736 1682 in
753 1634 793 1685 re
809 1607 855 1683 ab
871 1612 968 1684 omni
985 1634 1157 1686 sensnum
1173 1636 1262 1711 pcr-

183 1729 346 1827 ceptione
376 1730 548 1830 omnique
576 1739 728 1804 naturae
755 1727 862 1806 fluxu
890 1745 1041 1825 remota,
1068 1732 1108 1805 in
1136 1745 1261 1824 entc;

183 1845 243 1922 hic
268 1849 600 1949 contemplationem
621 1851 799 1926 revocavit
825 1850 870 1924 ad
893 1849 1165 1951 adspectahilem
1189 1877 1260 1924 na·

183 1981 326 2064 turam,
350 1969 538 2070 multaque
559 1968 605 2043 ab
625 1970 693 2045 illia
716 1969 914 2046 abstrusius
933 1971 1026 2047 dicta
1050 1971 1094 2048 ad
1118 1970 1258 2074 physica

184 2087 394 2189 explicanda
417 2091 610 2167 transtulit.
661 2090 808 2194 Physice
826 2105 948 2166 antem
964 2105 1130 2168 actarum
1145 2117 1258 2191 quam

183 2209 254 2284 late
276 2223 413 2311 pateat,
439 2227 568 2289 notum
592 2225 660 2288 est:
685 2211 934 2316 complectitur
957 2225 1031 2286 tam
1053 2211 1260 2288 divinarum

183 2358 309 2408 rerum
329 2359 440 2433 quam
460 2332 702 2409 humanarum
724 2333 970 2434 cognitionem.
1016 2331 1146 2432 Itaque
1170 2333 1261 2404 Em-

184 2452 346 2552 pedoclea
365 2455 539 2555 incipiens
553 2481 574 2528 a
590 2452 819 2529 describenda
833 2451 994 2529 universi
1009 2449 1164 2550 origine,
1181 2451 1259 2525 ele-

183 2575 334 2670 mentis,
367 2575 566 2676 principiis,
595 2573 734 2675 legibus
762 2572 895 2676 quibus
920 2569 1081 2646 mundus
1104 2571 1257 2672 regitur,

183 2694 351 2797 deinceps
373 2696 541 2799 processit
557 2695 602 2770 ad
623 2695 751 2772 mnndi
770 2693 1008 2772 conditionem
1025 2690 1261 2793 singularum·

59 2815 63 2834 '
184 2843 257 2918 qne
295 2845 418 2894 rerum
453 2831 527 2892 tam
562 2813 852 2916 adspectnbilium
889 2841 1002 2916 quam
1038 2811 1256 2890 occultarum

183 2952 351 3014 naturam
370 2939 628 3040 explicandam.
674 2936 822 3012 Illarum
838 2936 997 3037 partium
1013 2934 1108 3034 prior
1124 2941 1259 3028 Κοσμο-

114 3083 115 3086 ’
185 3061 276 3137 acius
305 3059 475 3162 appellari
509 3073 644 3161 potent,
678 3060 770 3133 aient
795 3085 816 3132 a
842 3055 965 3132 multis
985 3053 1160 3156 appellata
1181 3071 1256 3152 cst,

186 3207 296 3282 qnam
330 3206 432 3256 nunc
461 3179 733 3281 explicabimus3
769 3178 929 3278 primum
963 3201 1141 3251 summam
1179 3175 1258 3276 ejus

185 3303 382 3379 sententiae
411 3327 670 3402 proponemus,
701 3297 832 3376 deinde
854 3296 1012 3400 singulas
1036 3311 1153 3398 partes
1179 3296 1260 3374 dili·

186 3425 326 3523 gentius
351 3423 546 3498 tractaturi.

224 3665 420 3743 =Profectns
452 3693 473 3742 n
503 3681 588 3744 noto
618 3667 678 3744 illc
704 3683 869 3748 veterum
887 3667 1048 3744 decreto:
1072 3689 1119 3738 ex
1140 3659 1258 3736 nihilo

190 3789 307 3880 nituit,
329 3791 369 3864 in
396 3791 556 3866 nihilum
578 3791 636 3864 nil
654 3815 765 3890 pocae
785 3791 919 3865 molari
928 3843 943 3880 ,
966 3787 1107 3882 statuit,
1130 3778 1258 3857 mundi

219 3957 277 4026 (13)
294 3955 352 4012 ttt
370 3976 393 4012 c
410 3975 434 4024 g.
452 3956 599 4012 Aristotelea
616 3955 799 4035 detractore,
816 3956 847 4022 63
866 3955 956 4010 Cicero
972 3953 1004 4006 ilc
1022 3956 1091 4008 Orat.
1103 3953 1128 4016 l,
1140 3947 1187 4012 505
1198 3947 1264 4000 rtu-

192 4045 271 4101 tarch.
287 4047 320 4102 dc
337 4047 436 4102 Carica.
452 4065 477 4119 p.
495 4045 543 4101 515
559 4048 589 4102 G.
