2968 4838
279 391 341 451 502
672 398 719 442 nn
743 395 960 444 nnennocus

278 569 391 642 dicam
409 561 703 666 dissipationem.”
749 557 980 651 Quibuscum
997 561 1195 632 concinunt
1210 557 1300 630 hacc
1315 555 1359 628 ab

280 689 405 764 eodem
424 702 566 760 auctore
583 681 734 782 prodite:
752 677 977 776 Ἐμπεδοκλῆς
993 681 1050 758 τὸν
1067 683 1129 776 μὲν
1140 679 1242 754 ὕπνον
1253 708 1360 753 mu·

281 810 381 903 ψύξει
394 819 452 883 τοῦ
463 806 494 882 ἓν
506 801 685 904 rpiu‘r'uurc
702 801 817 901 θερμοῦ
831 809 1013 903 συμμέτρῳ
1025 801 1194 902 γίνεσθαι,
1206 805 1367 878 παντελεῖ

282 933 318 1010 tt
339 931 477 1008 θάνατον
493 939 573 1001 ³2⁹.
626 929 824 1001 »somnum
848 925 939 1000 effici
962 927 1145 1026 sanguinis
1168 925 1361 1024 refrigera-

281 1057 380 1128 tione
396 1051 594 1140 moderare,
608 1052 681 1121 tota
699 1075 782 1122 vero
798 1047 983 1120 mortem.”
1032 1047 1128 1120 Haec
1143 1045 1274 1144 placita
1290 1071 1360 1118 non

283 1180 479 1274 incongrua
503 1185 589 1245 sunt
612 1168 834 1268 Empedoclis
860 1170 1002 1262 rationi,
1026 1167 1203 1268 siquidem
1229 1168 1363 1266 igniet

282 1299 387 1371 calori
423 1294 614 1394 praecipue
648 1291 821 1363 actionem
856 1305 892 1363 et
923 1290 1082 1387 vigorem
1117 1285 1259 1362 tribuit.
1313 1287 1362 1360 De

282 1419 377 1492 vitae
403 1442 487 1490 vero
511 1413 704 1510 mortisque
724 1410 926 1486 discrimine
942 1411 1116 1484 sententia
1134 1408 1214 1507 eius
1235 1408 1362 1482 clarius

281 1537 502 1638 cognoscitur
530 1559 575 1606 ex
603 1533 714 1630 ipsius
741 1534 911 1606 carmine.
962 1532 1015 1606 Ut
1044 1532 1213 1606 universe
1239 1556 1363 1604 rernm

282 1674 403 1733 ortum
428 1655 688 1730 concretionem
709 1655 988 1744 elementorum,
1008 1654 1198 1726 interitum
1213 1651 1363 1726 dissolu·

280 1782 414 1852 tionem
446 1774 598 1875 appellet
614 1785 692 1865 ³³⁰,
730 1777 779 1848 sic
810 1779 920 1852 vitam
951 1775 1167 1873 strigorem
1189 1774 1363 1848 contineri

279 1900 367 1974 dicit
390 1899 537 1974 diversis
561 1899 714 1996 corporis
739 1897 899 1997 partibus
923 1912 959 1970 et
984 1895 1170 1970 elementis
1196 1897 1360 1968 Amicitid

281 2023 411 2120 junctis
431 2033 586 2119 apteque
608 2017 761 2110 sociatis,
785 2013 905 2092 contra
929 2017 1053 2094 iisdem
1077 2017 1258 2090 Discordid
1281 2033 1362 2090 tur·

280 2145 371 2217 batis
392 2169 432 2216 ec
448 2137 598 2212 divulsis
616 2139 874 2238 aegritudines,
899 2139 1058 2230 morbos,
1082 2139 1244 2239 denique
1264 2167 1363 2214 mor-

281 2279 354 2336 tem
372 2263 448 2361 pari
463 2271 544 2332 ³³¹.
596 2259 709 2334 Morte
725 2275 846 2333 tamen
864 2286 920 2334 res
938 2287 1010 2334 non
1028 2262 1066 2334 in
1086 2259 1242 2334 nihilum
1264 2261 1362 2336 redi-

280 2390 332 2484 gi,
361 2385 422 2458 sed
455 2383 613 2458 diversas
651 2365 770 2480 partes
806 2381 851 2454 ad
886 2407 995 2456 suum
1027 2407 1212 2482 quamque
1247 2409 1361 2483 genus

280 2507 430 2598 reverti,
458 2507 502 2580 'ut
525 2501 655 2576 deinde
680 2505 718 2573 in
744 2528 852 2576 noves
876 2504 1009 2576 formas
1032 2528 1197 2604 novaque
1218 2531 1360 2605 corpora

280 2629 498 2704 coalescant.
538 2623 645 2718 Quod
661 2637 783 2696 autem
805 2623 1018 2698 Plutarchus
1033 2625 1145 2718 addit,
1161 2626 1361 2702 secundum
1385 2605 1391 2620 ⁶

281 2748 348 2820 hoo
372 2747 544 2844 placitum
569 2760 686 2819 morte
711 2759 784 2816 tam
808 2772 937 2846 corpus
964 2773 1077 2847 quam
1098 2750 1262 2822 animum
1286 2749 1359 2822 dis·

281 2867 389 2958 solvi,
417 2865 454 2938 id
478 2891 701 2966 consequens
727 2881 780 2940 est
808 2895 892 2942 sane
914 2868 1010 2944 illius
1034 2871 1180 2962 rationi,
1203 2885 1358 2944 mentem

282 2987 406 3062 iisdem
417 2985 552 3088 quibus
568 3013 697 3086 corpus
709 2990 889 3087 principiis
901 3005 1061 3066 constare
1072 2993 1251 3091 putantis3
1262 2991 1360 3066 aliter

283 3125 402 3184 tamen
427 3111 554 3201 sensit,
583 3109 728 3204 docens,
757 3115 892 3186 animas
919 3111 1108 3188 bominum
1132 3141 1220 3208 nec,
1245 3119 1364 3216 quum⁸

285 3245 486 3324 nascantur,
506 3246 585 3305 tum
605 3233 764 3331 primum
787 3236 888 3324 oriri,
910 3259 995 3326 nec,
1013 3262 1132 3335 quum
1153 3239 1360 3320 moriantur,

283 3378 495 3428 evanescere
510 3363 590 3446 ³³²,
615 3353 677 3428 sed
700 3381 911 3453 permanere
941 3369 978 3428 et
1011 3358 1047 3428 in
1082 3360 1175 3430 varia
1196 3357 1361 3456 deinceps

284 3499 428 3572 corpora
449 3472 616 3574 migrare:
637 3502 747 3575 quam
764 3479 977 3550 sententiam
995 3505 1078 3556 mox
1098 3477 1358 3578 explicabimus.

318 3716 392 3783 (³²9)
408 3715 538 3767 Plutarch.
563 3713 629 3764 Plan.
648 3713 711 3783 phil.
739 3717 770 3772 V,
795 3718 826 3777 ²4
849 3717 921 3784 (ὣς
946 3719 1031 3771 Galen.
1049 3720 1067 3770 Ι.
1087 3719 1104 3772 Ι.
1136 3722 1174 3773 lle
1189 3737 1280 3774 sonmo
1297 3721 1359 3773 idem

285 3808 348 3858 dicit
364 3805 472 3858 Tertull.
489 3804 523 3856 de
540 3805 621 3856 anim.
638 3821 661 3856 c.
680 3805 720 3868 dd·
757 3807 794 3858 Cl.
813 3807 943 3860 Ptaurct.
963 3827 1041 3878 snpra
1059 3811 1101 3862 cit.
1121 3829 1147 3878 p.
1163 3809 1221 3872 455.

319 3895 392 3962 (330)
408 3893 513 3964 Emped.
532 3911 580 3945 vsi.
601 3911 632 3958 77
649 3913 705 3966 sqq.
722 3897 771 3958 sta
788 3915 847 3970 sqq.

317 3985 392 4050 (331)
410 3984 482 4036 Idem
498 4000 546 4035 m.
564 3983 690 4044 tet-alr,
715 3987 760 4037 ubi
778 3988 810 4040 cf.
831 3990 1002 4045 commentar.
1020 4011 1045 4064 p.
1067 3993 1113 4046 263
1131 3993 1174 4064 sq!

320 4073 393 4138 (dds)
411 4073 482 4126 Idem
501 4091 549 4124 rsa.
568 4074 688 4128 stodes.
