2968 4838
516 404 517 409 κ
558 391 799 442 annosoama.
941 367 946 376 ’
1151 381 1214 440 ιον

138 558 204 650 xit,
222 569 346 630 eontra
364 558 495 648 velocia
511 559 621 635 calido
639 561 812 662 sanguine
828 561 976 634 incitari.
1025 557 1092 634 Sed
1105 587 1208 659 prae-

136 691 191 750 ter
223 675 315 751 illud
347 679 573 779 ingeniorum
601 682 788 755 discrimen
817 679 936 756 variae
970 695 1056 754 sunt
1080 681 1210 754 artium

136 797 340 872 facultates:
367 797 424 872 alii
447 825 559 875 manu
579 802 712 896 dextri,
734 803 793 875 alii
813 803 954 901 lingni;
977 801 1035 874 alii
1054 803 1214 892 artifices,
1291 839 1293 844 v

136 917 194 990 alii
203 933 370 995 oratores.
423 920 523 994 Hanc
533 921 772 998 diversitatem
787 949 829 997 eo
841 923 931 998 ellici
943 925 1100 1022 putavit,
1114 924 1214 1022 quod

134 1037 211 1112 aliis
227 1040 266 1111 in
284 1039 417 1140 lingua,
436 1041 512 1113 aliis
528 1043 565 1114 in
583 1069 695 1117 manu
711 1047 757 1116 sit
771 1045 789 1134 ἡ
805 1047 891 1140 μέση
910 1049 1039 1143 aptiore,
1053 1059 1097 1118 ut
1111 1059 1212 1120 vocat

134 1159 411 1257 Theophrastus,
429 1164 452 1234 i.
476 1188 508 1235 e.
533 1163 654 1236 media
674 1167 751 1238 sive
769 1169 940 1266 aequalis
957 1169 1214 1239 elementorum

134 1283 347 1378 temperies,
375 1309 470 1384 qnae
500 1287 646 1384 optima,
671 1303 715 1360 ut
739 1287 911 1382 vidimus3
934 1315 1000 1388 pro
1024 1313 1097 1388 quo
1122 1285 1216 1357 Plu·

132 1401 279 1476 tarchus
310 1402 432 1478 minus
465 1421 547 1506 apte
582 1409 683 1506 ponit
712 1411 751 1484 ri
777 1409 984 1509 ἡγεμονικόν,
1011 1409 1146 1482 dicens:
1173 1407 1212 1482 ri

132 1524 325 1622 ἡγομοννοοδν
350 1523 590 1622 (Ἐμπεδοκλῆς
619 1529 739 1630 ἔθηκεν)
770 1533 840 1606 οὔτ’
868 1531 900 1608 ἓν
925 1535 1059 1630 νεφοιλῄ
1088 1527 1158 1604 οὔτ’
1181 1527 1213 1602 ἐν

133 1641 267 1742 lipom,
284 1645 363 1722 ἀλλ’
375 1645 407 1723 ὲν
418 1646 555 1745 alpurc,
567 1651 634 1729 tto
647 1651 718 1731 καθ’
733 1653 796 1732 ‘o're
813 1653 853 1732 tn
870 1657 966 1754 μέρος
981 1664 1040 1730 τοῦ
1058 1651 1215 1750 ripaeos

132 1772 245 1844 πλεῖον
267 1763 287 1866 ᾗ
308 1777 580 1871 παρεσπαρμένον
603 1778 642 1853 τὸ
664 1778 874 1876 ἡγεμονικοί,
893 1775 995 1854 ν’ίεποο
1017 1776 1093 1854 νοντ’
1114 1771 1213 1852 ἐκεῖνο
1272 1771 1275 1780 ’

131 1885 295 1988 προτερεῖν
308 1893 386 1974 τοὺς
403 1892 677 1993 &ripemunt
727 1901 872 1973 »Animi
895 1903 1123 2000 praecipuam
1140 1900 1214 1972 vim

131 2013 170 2084 in
202 2017 376 2113 sangiune
406 2020 541 2114 posuit:
577 2021 741 2119 quocirca
775 2022 812 2092 in
843 2047 916 2121 qna
941 2025 1093 2118 eorporis
1113 2033 1215 2118 parte

133 2131 221 2206 haec
244 2135 297 2209 vis
325 2139 434 2235 magis
458 2140 559 2231 insit,
585 2143 627 2212 ei
653 2139 813 2230 homines
836 2141 1047 2226 valentiores
1066 2139 1156 2212 est.”

181 2359 277 2460 Haec
308 2398 411 2478 sunt,
438 2411 533 2486 quae
557 2387 603 2462 de
627 2387 738 2460 animi
763 2397 912 2478 nature,
937 2387 1143 2486 praesertim
1168 2384 1213 2458 de

133 2505 337 2598 intellectu,
368 2505 415 2578 ab
430 2509 659 2606 'Empedocle
689 2507 852 2608 explicita
878 2507 1059 2607 leguntur.
1109 2509 1213 2600 Quae

132 2627 276 2726 placita,
305 2628 369 2700 etsi
401 2643 635 2734 consentanee
667 2645 754 2703 sunt
778 2633 889 2726 ipsius
915 2628 1062 2722 rationi,
1094 2629 1213 2701 omnia

132 2761 207 2822 tam
231 2748 350 2824 divina
370 2775 481 2850 qnam
506 2749 664 2822 humana
689 2777 735 2824 ex
760 2750 946 2824 elementis
969 2763 1043 2823 orta
1068 2763 1105 2823 et
1128 2775 1211 2824 oon-

132 2865 215 2941 llata
238 2871 425 2962 statuenti,
450 2885 570 2944 tamen
595 2873 634 2942 in
650 2871 781 2945 multas
797 2871 1002 2946 inciderunt
1018 2871 1211 2972 reprehen-

131 2987 267 3062 siones:
293 3015 360 3064 nec
382 2993 570 3066 immerito.
620 2991 729 3085 Nam,
753 2994 882 3068 utalia
904 2995 1063 3068 omittam
1081 3003 1161 3087 ³¹⁷,
1183 2995 1211 3067 si

132 3108 257 3183 similia
275 3111 447 3187 similibus
463 3127 667 3210 noscantur,
684 3115 861 3214 quomodo
876 3117 914 3188 lit
929 3129 972 3190 ut
993 3141 1067 3187 non
1088 3139 1211 3189 ornnes

164 3265 236 3331 (διδ)
252 3267 384 3320 Plutarch.
403 3271 498 3321 strom.
518 3269 587 3340 apud
605 3271 696 3323 Euseh.
719 3271 810 3340 Praep.
829 3273 875 3322 Eu.
899 3274 928 3330 Ι,
951 3274 975 3323 8.
998 3289 1022 3341 p.
1047 3274 1076 3335 ai
1098 3271 1129 3324 D.

162 3355 237 3421 (317)
252 3356 339 3409 Veluti
357 3357 429 3427 quod
447 3359 629 3413 animadvertit
651 3359 797 3412 Aristoteles
819 3363 932 3431 Metaph.
952 3363 993 3423 11,
1011 3363 1040 3422 h,
1064 3379 1089 3432 p.
1107 3361 1156 3414 662
1174 3361 1209 3412 Εν

133 3447 177 3497 διὸ
195 3449 242 3499 καί
256 3453 407 3514 συμβαίνει
421 3449 496 3520 αὐτῷ
509 3453 557 3502 τὸν
572 3451 826 3515 εὐδαιμονέστατον
839 3456 910 3505 θεὸν
920 3451 980 3522 (τὸν
989 3453 1114 3524 σφαῖρον)
1125 3442 1210 3520 ἦττον

130 3541 261 3608 φρόνιμον
280 3535 352 3596 εἶναι
370 3546 425 3594 τῶν
438 3543 536 3596 ἄλλων·
555 3545 585 3597 orl
602 3549 654 3616 γὰρ
668 3550 797 3615 γνωρίζει
811 3551 985 3616 τὰστοιχεῖα
999 3551 1101 3600 πάντα·
1113 3549 1145 3596 τὸ
1157 3549 1209 3612 γὰρ

130 3644 220 3693 aetnae
239 3638 288 3688 oia
307 3637 381 3706 ἶριν,
400 3640 418 3703 ἡ
439 3635 471 3690 ii
485 3640 580 3703 γνῶσις
598 3645 648 3692 τοῦ
665 3640 761 3704 ίμοίοιν
779 3641 817 3710 νῷ
834 3639 925 3708 ὁμοίῳ.
958 3638 1122 3707 »superanti
1139 3655 1208 3690 sum·

129 3741 201 3776 muru
220 3726 304 3780 Deam
325 3729 519 3797 (Concordiam)
538 3731 622 3782 minua
640 3732 824 3800 intelligentem
842 3747 895 3784 esse
916 3729 1023 3799 reliquia
1043 3726 1209 3789 animalibus,

128 3817 278 3887 quippequi
286 3818 432 3872 nueordtse
440 3837 527 3898 exsors
537 3819 604 3875 lunc
615 3837 666 3872 non
677 3830 773 3885 noscat,
780 3837 861 3893 quum
873 3821 963 3872 similia
975 3826 1077 3872 tautum
1086 3816 1209 3870 similibus

129 3907 294 3960 notentur?
330 3909 401 3962 Idem
418 3909 480 3962 dicit
499 3909 531 3962 de
549 3911 629 3962 inim.
648 3913 675 3972 1.
688 3910 716 3975 5,
735 3929 762 3980 p.
775 3913 864 3978 lsslli
896 3911 1029 3980 Repetunt
1040 3911 1211 3978 interpretes:

130 3993 200 4048 Alex
223 3997 250 4046 in
269 3997 383 4067 Hetaph.
399 3999 481 4051 Sclaol.
502 3999 608 4052 Aristot„
630 4016 656 4067 p.
674 3999 738 4062 6283
758 3999 895 4070 Philopon.
910 3999 1034 4050 deheim.
1054 3999 1092 4060 F,
1110 3998 1141 4059 3·,
1160 3997 1210 4050 ulii.

131 4084 186 4136 lloc
197 4093 285 4138 tamen
298 4087 426 4152 argutius,
446 4097 476 4140 ut
488 4089 584 4156 judicat
595 4091 685 4142 Bitter.
697 4092 723 4142 in
736 4091 818 4144 wotfit
831 4091 877 4142 lit.
892 4089 960 4142 Anal.
973 4091 1018 4149 lv,
1032 4107 1056 4158 p.
1069 4091 1125 4152 iia.

179 4177 245 4251 Ill.
