3016 4840
266 349 328 410 288
665 361 942 410 consecrarius

264 535 296 604 lt
326 538 475 610 κυέμυυς
503 541 542 596 τὶ
568 535 614 594 ὀᾶ
640 535 685 596 ἑνὶ
710 543 762 602 τὴν
784 538 910 603 κύησιν
936 534 1129 609 αἰνιττομένων
1152 540 1207 596 riis
1226 535 1334 612 ἂνδρῦν.

266 638 344 698 llaec
363 635 567 718 interpretatio
585 657 603 694 a
621 645 724 695 nostra
739 615 850 716 ¹parum
870 636 1034 718 discrepat,
1061 633 1209 718 siquidem
1233 639 1340 696 testi-

267 740 344 799 culi
357 751 387 800 et
400 760 467 800 ora
478 739 510 798 iu
525 737 584 800 hoc
597 739 703 801 similia
716 754 795 818 sunt,
808 740 890 825 quod
900 741 1146 824 utrumqueritae
1155 741 1338 824 principium

267 845 435 920 contineat,
464 854 494 904 et
520 854 681 929 utrumque
707 845 873 929 symbolice
899 856 1077 928 usurpatum
1104 845 1151 906 sit.
1192 847 1230 906 In
1255 867 1339 906 versu

268 959 367 1009 autem
382 947 492 1027 hocce,
506 952 568 1016 lule
588 979 632 1021 τοι
648 961 770 1032 κυάμους
786 957 840 1022 let.
862 957 994 1032 sedante
1007 979 1042 1018 υτ
1056 979 1117 1018 ros.
1132 951 1322 1012 manifestum
1328 997 1338 1028 ,

268 1065 390 1136 κυάμους
407 1077 465 1117 esse
486 1057 588 1117 vitae
609 1057 798 1141 symbolum,
814 1057 938 1141 quando
960 1057 1115 1118 comedere
1136 1077 1184 1117 cos
1203 1055 1284 1117 idem
1305 1056 1341 1116 sit

268 1173 356 1246 atque
373 1173 574 1246 parentum
592 1164 692 1245 capita
706 1183 758 1222 seu
768 1163 860 1222 ritem
873 1162 1007 1245 perdere.
1034 1163 1116 1224 ldem
1131 1181 1228 1223 versus
1241 1160 1340 1244 aliqua

267 1267 403 1328 lectionis
423 1267 560 1328 varietate
581 1288 598 1327 a
618 1267 721 1327 multis
741 1279 776 1327 ut
799 1265 947 1350 Orphious
970 1266 1016 1327 rel
1040 1266 1256 1348 Pythagoricus
1276 1287 1341 1326 me-

268 1381 415 1431 moratur:
438 1392 455 1430 a
476 1369 626 1431 Clemente
644 1369 729 1432 Alex.
753 1371 899 1454 Didymo,
918 1371 1072 1432 Athenaeo
1093 1369 1151 1452 (ll,
1171 1393 1202 1452 p.
1217 1369 1259 1432 65
1278 1368 1341 1451 P),

267 1474 437 1553 Eustathi05
459 1475 590 1536 eundem
609 1465 740 1558 tan'gunt
761 1475 1003 1558 Chrysostomus,
1027 1476 1132 1536 citatus
1153 1475 1191 1535 ad
1211 1497 1254 1538 vs.
1272 1475 1341 1551 ³80,
1425 1545 1431 1556 ι

269 1602 301 1661 p.
322 1580 398 1658 2745
421 1579 575 1662 Gregorius
594 1581 663 1642 Nar.
700 1583 806 1641 Sextus
827 1581 939 1664 Empir.
961 1582 1129 1658 Lucienus,
1157 1581 1230 1642 locis
1257 1601 1345 1663 supra

240 1701 243 1706 ·
269 1685 418 1747 indicatis.
460 1687 582 1767 Propter
607 1687 673 1770 ejus
699 1685 925 1746 similitudinem
961 1707 1031 1746 cum
1062 1685 1264 1770 Empedocleo
1292 1685 1345 1745 illo

269 1811 371 1866 versu,
389 1790 518 1852 Sturzius
535 1789 645 1877 aliique
665 1787 884 1874 huncquoque
900 1791 958 1873 ipsi
974 1790 1148 1874 Empedocli
1164 1789 1344 1852 tribuerunt.

270 1895 360 1972 Quod
382 1899 405 1956 si
427 1897 472 1956 'ita
496 1905 584 1971 esset,
609 1894 783 1956 mirandum
806 1917 894 1972 saue,
920 1917 958 1957 ex
982 1907 1028 1956 tot
1050 1896 1172 1958 testibus
1192 1897 1346 1956 neminem

271 2011 402 2062 veterum
427 1998 533 2060 diserte
561 2000 675 2060 auctori
703 2021 757 2060 suo
780 1999 956 2062 vindicasse.
1004 2002 1106 2084 Neque
1133 2022 1204 2062 vero
1230 2011 1349 2076 tntum,

272 2107 375 2167 omnia
404 2103 608 2188 hpedocleis
637 2103 744 2166 similia
772 2105 846 2168 huie
873 2105 1037 2168 vindicare.
1086 2107 1185 2168 Potius
1211 2103 1349 2183 credam,

271 2212 387 2272 dictum
405 2209 504 2286 istud,
527 2209 561 2268 in
582 2209 729 2292 mysteriis
746 2220 810 2290 ¹tarn
829 2211 889 2271 late
909 2210 1099 2293 divagatum‚
1125 2233 1242 2270 sacrum
1263 2209 1351 2279 luisse

249 2311 570 2400 'praeceptum‚.tsptv
587 2321 688 2396 λόγου,
710 2327 745 2376 ut
765 2315 935 2377 Eustathius
953 2326 983 2376 et
999 2315 1157 2378 Pausanias
1178 2315 1278 2397 (vul,
1300 2313 1350 2396 15)

273 2421 443 2504 appellant,
466 2422 553 2503 cujus
575 2421 641 2502 quia
663 2429 768 2480 auctor
786 2419 890 2498 luerit,
909 2421 974 2504 jam
995 2421 1159 2502 antiquitus
1179 2420 1350 2503 ignoratum

273 2527 320 2586 sit.
359 2527 517 2606 Perpetem
545 2533 646 2584 autem
671 2523 801 2582 Sturains
825 2525 915 2584 istum
936 2531 1005 2605 lepis
1024 2533 1113 2607 λόγον
1132 2523 1274 2607 intelligit
1295 2545 1351 2583 no-
1427 2601 1430 2606 ἱ

273 2643 339 2692 tum
351 2628 411 2688 hoc
425 2627 512 2689 titulo
526 2647 662 2704 carmen,
676 2625 868 2709 Pythagoreis
881 2627 927 2688 vel
943 2628 1078 2710 Orphicis
1090 2628 1251 2706 tributum3
1266 2628 1347 2712 quod

271 2737 340 2817 jure
359 2730 553 2814 reprehendit
570 2729 699 2795 Lobeclr'.
719 2730 868 2814 Aglaoph.
891 2753 922 2815 p.
946 2733 1017 2794 252.

315 2840 364 2898 Vs.
386 2835 456 2898 419.
495 2839 606 2915 διφνκς
632 2838 665 2914 Φ.
692 2840 751 2903 ἐπὶ
772 2846 866 2918 κόμη.
889 2843 1011 2919 ἔχεσθε.)
1051 2843 1175 2901 Versum
1197 2839 1278 2899 hunc
1299 2837 1346 2896 rel

275 2943 375 3027 potius
396 2941 495 3003 vereris
513 2950 630 3022 partem
650 2939 740 3002 elicui
763 2963 802 3004 ex
823 2943 870 3006 his
891 2943 1043 3006 Plutarchi
1066 2943 1176 3006 verbis:
1201 2949 1231 3009 αὖ
1252 2951 1348 3024 pisae,

252 3060 313 3126 ’ὥς
332 3055 422 3124 lotas,
442 3047 511 3115 κη’
532 3046 733 3127 Ἐμπεδοκλέα
758 3053 982 3128 riemanr
1006 3064 1074 3119 siis
1100 3056 1255 3132 Φύλλυυ
1283 3055 1350 3118 tus

277 3167 429 3236 πέμπκυ
459 3159 611 3234 ἔχεσθαι
643 3163 714 3237 χρή,
746 3172 816 3224 κτλ.
859 3159 989 3218 sturzius
1021 3157 1093 3218 inde
1126 3157 1210 3219 hunc
1236 3177 1353 3220 versum

278 3261 393 3324 effecit:

399 3379 456 3450 χρὴ
478 3375 528 3444 τῆς
548 3371 657 3450 δάφνης
677 3379 733 3436 νῦν
753 3372 874 3450 Φύλλυυ
894 3377 951 3437 duo
971 3380 1091 3450 κόμκκν
1108 3375 1233 3452 lxerlaee.
1268 3403 1273 3410 ·

278 3473 365 3537 llaud
385 3495 544 3535 numerose
562 3477 648 3535 sane!
690 3475 811 3534 Lauro
833 3496 961 3558 magnus
979 3475 1134 3546 ‚honoslah
1151 3476 1281 3559 antiquis
1302 3475 1356 3536 ha·

278 3578 374 3656 bitus,
400 3600 472 3638 cum
491 3577 564 3640 alias
586 3577 625 3639 oh
646 3599 780 3656 caussas,
804 3590 870 3640 tum
897 3581 968 3663 quia
989 3581 1022 3641 in
1046 3604 1081 3642 ea
1100 3583 1192 3642 inesse
1213 3579 1357 3641 credeba-

155 3737 159 3754 .
279 3698 329 3748 tur
353 3685 508 3748 divinandi
531 3685 589 3760 ris,
620 3693 654 3746 ut
678 3705 769 3768 supra
792 3685 831 3747 ad
858 3707 901 3746 vs·
925 3682 986 3746 382
1012 3685 1128 3746 monui.
1170 3686 1246 3746 llinc
1272 3683 1355 3768 quod

277 3792 463 3854 raticinandi
484 3789 668 3852 facultatem·
680 3789 860 3852 mandendis
878 3791 956 3851 lauri
975 3789 1053 3852 loliis
1072 3791 1172 3873 augeri
1195 3789 1353 3873 putabant.

281 3899 349 3960 vid.
379 3899 512 3960 Crenaer.
537 3895 675 3980 Symbol.
696 3896 763 3958 Vol.
789 3899 837 3975 11,
858 3919 889 3982 p.
917 3895 977 3958 162
1001 3907 1065 3957 not.
1115 3897 1157 3958 Eo
1183 3895 1357 3978 spectaverit

281 4003 368 4066 sacile
387 4002 446 4065 hoc
464 4001 653 4086 Empedoclis
670 4012 881 4085 praeceptum,
901 4025 963 4087 quo
983 4026 999 4063 a
1018 4001 1095 4064 lauri
1113 4001 1191 4063 soliis
1211 3999 1357 4062 abstinere
