2958 4822
282 363 320 422 12
670 375 716 420 oe
742 373 954 420 urenocms

327 542 490 616 Mortuus
502 553 554 613 eet
570 552 690 612 autem
706 537 968 638 sexagenarius,
984 552 1073 612 teste
1087 541 1269 616 Aristotele
1282 551 1337 634 ²⁷3

275 664 337 738 eni
367 659 524 760 profecto
555 659 665 758 major
691 657 776 731 fides
806 657 965 732 habenda
991 685 1102 760 qnam
1120 659 1338 754 Phormion,

277 785 411 860 auotori
438 807 510 856 non
538 780 729 854 admodum
751 777 936 878 lompleti‚
962 783 1028 880 qui
1049 807 1136 856 eum
1158 781 1204 856 ad
1225 781 1337 881 septi·

275 931 378 980 mum
398 919 436 978 et
454 904 750 1004 septuagesimum
772 903 893 974 aetatis
913 927 1051 976 annum
1067 905 1177 978 vitam
1196 903 1335 1003 produ-

274 1031 364 1102 xisse
386 1025 520 1124 scripsit
538 1027 596 1096 Η.
644 1023 735 1096 Nam
757 1023 855 1124 quod
874 1021 1021 1121 quidam
1040 1039 1188 1098 oentum
1209 1040 1247 1098 ea
1263 1049 1336 1100 no·

272 1175 356 1226 vem
375 1171 485 1222 annos
500 1171 587 1219 eum
604 1144 794 1243 complesse
810 1143 1052 1243 prodiderunt,
1061 1148 1268 1220 manifoetns
1282 1161 1336 1221 eet

272 1295 370 1344 error
389 1293 514 1342 eorum
532 1268 596 1366 qui
621 1263 869 1364 Empedoclem
888 1290 973 1338 cum
991 1267 1101 1363 ipsius
1118 1267 1276 1340 auditore
1298 1281 1336 1341 et

271 1389 435 1463 familiari
451 1388 596 1484 Gorgia,
612 1411 767 1484 quorum
787 1386 922 1458 mentio
936 1411 1040 1482 saepe
1056 1386 1230 1485 jungitur,
1249 1413 1336 1461 oon·

270 1510 448 1600 fuderint3
481 1521 622 1580 tantum
655 1507 752 1579 enirn
789 1509 955 1606 temporis
991 1511 1143 1606 spatium
1172 1510 1336 1606 Gorgiam

268 1631 412 1720 viriae,
427 1625 660 1727 Apollodorus
675 1639 825 1700 testatur
837 1635 894 1701 ²⁹.
937 1629 1067 1701 Contra
1083 1627 1337 1728 Empedoclem

270 1777 343 1824 non
371 1748 562 1822 admodum
583 1745 751 1848 grandem
773 1765 863 1822 natu
880 1748 1096 1823 exstinctum
1119 1775 1213 1843 esse,
1231 1753 1337 1824 etiam

270 1869 504 1969 Apollodorus
528 1867 688 1962 censuit3
711 1869 883 1958 ¹refutans
913 1892 988 1957 eos,
1019 1871 1084 1970 qui
1115 1870 1218 1944 illum
1245 1870 1337 1944 bello

269 1993 485 2092 &rectamne
514 1987 683 2064 adversus
712 1989 945 2065 Athenienses
976 1989 1180 2065 interfuisse
1207 2019 1336 2066 narra-

267 2126 351 2185 rent
369 2121 424 2183 ³⁰.
475 2109 582 2204 Quod
602 2109 751 2210 quidem
769 2137 834 2209 per
850 2125 1054 2210 temporum
1068 2114 1240 2187 rationem
1256 2139 1336 2187 me-

268 2233 338 2305 lius
356 2235 562 2306 conveniret
582 2233 619 2304 in
642 2232 892 2330 Empedoclem
911 2235 1103 2334 tragicum,
1125 2260 1235 2334 quem
1249 2235 1336 2336 phy·

268 2355 329 2427 sici
352 2367 517 2452 nepotem
538 2354 647 2428 fuisse
667 2354 801 2427 ferunt.

318 2475 398 2549 Jam
420 2501 466 2550 ex
489 2478 531 2549 iis
549 2501 644 2576 quae
663 2474 896 2574 exposuimus
914 2480 995 2552 satis
1013 2495 1110 2554 oerto
1131 2478 1221 2554 effici
1236 2503 1336 2578 posse

268 2595 433 2686 videtur,
460 2596 710 2695 Empedoclem
731 2599 809 2671 fere
833 2600 926 2672 intra
952 2599 1118 2701 Olympp.
1142 2625 1190 2701 72
1211 2615 1248 2675 et
1269 2603 1338 2699 87,

267 2715 399 2814 quibus
414 2718 594 2816 sexaginta
611 2741 789 2790 annorum
803 2719 958 2818 spatium
969 2725 1189 2815 continetur,
1202 2725 1337 2800 vixisse.

265 2836 309 2910 In
329 2835 426 2933 quod
443 2851 585 2935 tempus
603 2839 825 2915 conveniunt
842 2869 988 2942 quoque
1009 2845 1126 2919 omnia
1145 2871 1239 2945 quae
1255 2871 1336 2943 pro·

265 2955 397 3032 habiles
428 2971 533 3032 testes
562 2957 608 3034 de
638 2962 716 3059 ejus
743 2959 819 3038 vita
847 2965 1019 3065 factisque
1040 2967 1334 3066 passimmemo-

265 3093 409 3172 rerunt,
434 3079 530 3179 quod
555 3105 576 3152 e
601 3085 765 3181 sequenti
789 3086 991 3160 narratione
1017 3085 1161 3186 patebit.

296 3347 353 3412 (η)
373 3347 407 3398 Ut
427 3353 519 3397 auctor
541 3353 580 3396 eat
601 3343 785 3413 Apollodorus,
805 3365 882 3416 supra
900 3349 993 3402 allatus
1013 3361 1066 3403 not.
1086 3369 1124 3404 aa.
1153 3354 1189 3406 Cf.
1211 3355 1334 3419 Diogenes

263 3433 290 3486 l.
305 3437 380 3500 vul,
393 3451 413 3488 ι.
426 3435 463 3498 7(
493 3433 618 3486 Nonnulli
627 3435 704 3486 etiam
713 3435 874 3490 Heraclidem
886 3439 935 3490 hoo
945 3441 1032 3492 testari
1043 3441 1142 3500 rolant,
1153 3443 1179 3494 io
1191 3444 1335 3512 Apollodori

263 3521 355 3575 ultimo
364 3540 440 3576 versu
452 3521 639 3594 Ἠράκλειτον
653 3526 694 3577 rel
707 3530 750 3594 (ut
760 3527 786 3578 io
799 3527 887 3596 Steph-
896 3528 960 3580 edit.
973 3528 1078 3596 legitur)
1088 3527 1270 3601 Ἡράκλειτος
1282 3551 1337 3586 mu·

263 3621 346 3668 tentet
356 3615 476 3670 videlieet
487 3621 513 3670 in
525 3617 722 3690 Ἡρακλείδης·

293 3716 350 3782 (at)
367 3717 470 3784 Diogen.
481 3719 543 3772 ibid.
554 3739 574 3774 a.
587 3721 625 3788 73.

293 3819 351 3887 (²9)
368 3819 429 3872 tud.
446 3819 572 3889 Diogenes
587 3823 615 3875 L.
629 3823 693 3876 ibid.
704 3841 723 3875 a.
736 3819 934 3889 74.etEudoeia
951 3843 979 3894 p.
1000 3829 1127 3892 1703eott.
1142 3831 1247 3896 Diogen
1263 3851 1280 3884 a.
1296 3833 1335 3885 58.

266 3909 337 3961 idern
357 3910 461 3962 Stani'o
478 3913 569 3964 visum.

294 4002 351 4070 (³0)
368 4003 426 4055 Vid.
445 4014 559 4061 notan:
585 4009 853 4081 ὑπεργεγηραιὸς..
877 4013 941 4082 οὐχὶ
958 4018 1097 4076 φαίνεται.
1128 4017 1247 4077 Factum,
1266 4019 1335 4088 quod

263 4091 430 4160 Apollodorus
442 4094 483 4146 bic
496 4111 629 4164 memorat.
641 4103 708 4154 infra
721 4111 860 4170 tangemus.
