3016 4840
294 1069 367 1138 DE
389 1064 723 1138 munuum
746 1063 1119 1140 unumunurm.

547 1354 550 1362 .
666 1305 744 1390 ςι.

369 1537 418 1598 ΒΕ
440 1535 529 1599 unul
550 1535 800 1599 couuuscmut
822 1535 1043 1600 uteuu‘rluu.

216 1711 441 1813 Empedoclis
458 1709 716 1812 philosophiam
740 1713 968 1812 expositurus
985 1710 1075 1786 illud
1094 1715 1248 1786 moxime

168 1833 460 1935 praecipiendum
483 1829 598 1922 duco,
622 1831 720 1931 quod
744 1857 853 1930 supra
878 1835 916 1904 iu
942 1834 1013 1906 vito
1039 1831 1117 1931 ejus
1140 1849 1177 1906 et
1193 1835 1250 1906 in·
1299 1895 1304 1902 .

170 1954 274 2054 genio
297 1950 542 2026 adumbrando
566 1949 901 2042 animadvertimus,
922 1952 1025 2026 illurn
1044 1977 1120 2025 non
1140 1957 1249 2051 magis

170 2073 280 2146 luisse
303 2070 553 2171 philosophum
577 2097 689 2172 quam
712 2075 871 2170 poetam,
896 2085 1006 2172 atque
1024 2071 1110 2146 adeo
1130 2075 1249 2147 omni-

170 2217 239 2268 um
260 2193 355 2284 fere,
375 2191 441 2293 qui
464 2191 560 2291 opud
581 2194 732 2266 Graeoos
747 2193 793 2266 de
809 2217 932 2266 rerum
949 2207 1078 2266 natura
1093 2195 1251 2268 camnine

171 2317 361 2413 scripsere,
394 2311 662 2402 ποιητικώτατον.
712 2310 874 2385 Elatioris
904 2311 1016 2384 animi
1045 2315 1189 2412 spiritus
1215 2327 1252 2387 et

170 2435 300 2534 poetici
323 2435 457 2534 ingenii
480 2433 586 2526 oolor,
609 2433 675 2532 qui
699 2445 779 2504 turn
806 2431 846 2504 in
871 2433 943 2506 vita
960 2431 1037 2530 ejus
1052 2431 1251 2534 rebusque,
1303 2439 1305 2442 ’

172 2571 254 2630 tum
277 2553 408 2628 clarius
432 2555 471 2626 iu
496 2579 669 2630 versuum
695 2551 853 2652 reliquiis
876 2553 1054 2648 cernitur,
1076 2553 1170 2629 idem
1186 2581 1253 2654 per

171 2699 318 2749 omnem
349 2673 427 2774 ejus
460 2672 719 2772 philosophiam
752 2686 805 2745 est
838 2672 1002 2749 diffusus.
1053 2676 1251 2750 Sententiae

172 2821 256 2870 suas
279 2809 316 2868 et
338 2795 464 2892 placita
488 2793 672 2868 interdum
696 2794 743 2866 iu
764 2795 946 2887 enuntiat,
968 2811 1012 2869 ut
1029 2796 1145 2895 potius
1160 2794 1251 2872 divi-

172 2941 222 2990 no
244 2916 417 2989 instinctu
435 2941 548 3016 quom
574 2913 742 2988 meditato
758 2913 904 2988 rationis
919 2914 1051 3015 judicio
1066 2941 1108 2989 ea
1123 2915 1251 2990 efferre

173 3035 356 3130 videatur3
376 3051 526 3110 naturae
548 3033 724 3108 elementa
745 3049 782 3108 et
803 3037 990 3134 principia,
1011 3063 1106 3136 quae
1130 3037 1253 3110 animo

175 3159 354 3256 oonoepit,
386 3170 560 3257 tauquam
584 3156 755 3254 imagines
780 3155 944 3232 virentes
967 3181 1008 3227 ao
1032 3155 1170 3232 ‹livinas
1192 3157 1254 3228 in·

175 3281 322 3374 formut;
345 3275 504 3378 denique
527 3291 599 3351 toto
623 3276 701 3377 ejus
725 3279 814 3349 ratio
837 3274 915 3349 talis
938 3289 1004 3366 est,
1029 3291 1074 3351 ut
1096 3275 1253 3370 dubites,

176 3415 304 3476 utrum
334 3397 431 3497 poesi
462 3423 509 3470 un
539 3396 778 3496 philosophiae
809 3397 951 3495 propior
979 3395 1035 3470 sit.
1086 3399 1160 3472 Hoc
1183 3397 1255 3497 jem
1297 3423 1302 3432 ·

176 3523 293 3596 statim
328 3531 476 3620 apparet
507 3517 547 3590 in
572 3517 736 3593 carminis
759 3519 881 3612 initio,
913 3517 978 3593 uhi
1001 3521 1096 3593 iuter
1119 3518 1186 3592 alia
1210 3517 1255 3592 de

179 3644 275 3718 veri
297 3639 603 3743 cognoscendi
628 3639 858 3716 facultate
883 3642 1011 3742 agitur,
1024 3667 1119 3742 quae
1135 3663 1258 3739 quaes·

180 3761 230 3838 tio
254 3789 339 3838 cum
365 3763 409 3836 ad
433 3787 576 3837 omnem
595 3761 849 3862 philosophiam
870 3763 1046 3861 pertineat
1066 3773 1102 3834 et
1118 3759 1162 3833 ab
1181 3761 1256 3858 ipso

181 3883 398 3983 Empedocle
414 3885 452 3958 iu
468 3883 700 3985 Physioorum
718 3884 872 3977 exordio,
893 3898 934 3957 ut
953 3881 1108 3974 videtur,
1128 3906 1258 3983 propo·

182 4005 246 4076 sita
273 4005 333 4098 sit,
360 4029 474 4094 nunc,
503 4005 713 4104 priusquam
738 4003 784 4083 od
808 4005 950 4105 physica
976 4003 1258 4104 aggredimur,a

184 4123 284 4200 nohis
307 4123 565 4236 explicabitur,

1072 4245 1139 4318 ao*
