2968 4838
525 433 764 485 rumosorrns.
1114 424 1176 486 476

110 599 284 672 tricesimo
310 612 429 690 sexto,
457 599 588 676 absolvi
610 599 668 674 die
688 599 1081 702 undequinquagesimo
1100 611 1179 694 ²⁵⁹3

109 718 290 817 posterius
321 719 388 794 hoc
419 720 620 819 comprobat
653 721 775 796 Theon
807 724 1022 825 Smyrnaeus
1044 723 1181 814 dicens,

109 854 247 939 septem
287 841 427 916 dierum
464 841 740 928 hebdomadibus
772 843 910 918 foetum
943 843 1106 929 formari,
1141 849 1182 928 ric

109 959 340 1058 Ἐμπεδοκλῆς
356 965 532 1040 αἷνὶττεται
552 963 584 1041 ἓν
603 969 670 1047 τοῖς
684 963 864 1066 Καθαρμόΐς
878 967 957 1043 ²⁶⁰.
1008 968 1182 1063 Septena-

108 1085 205 1160 rium
223 1111 419 1160 numerum
432 1101 567 1162 veteres
582 1087 752 1188 quosdam
769 1093 887 1188 poetas
900 1089 937 1160 in
955 1081 1183 1163 describenda

107 1204 299 1281 hominum
328 1223 441 1282 aetate
468 1235 656 1309 usurpasse
686 1223 813 1284 notum
847 1209 1184 1304 est2⁶13eundem

108 1327 343 1426 Empedocles
363 1343 436 1402 tam
458 1331 497 1402 in
519 1331 761 1406 membrorum
787 1331 997 1405 formatione
1018 1355 1127 1432 quam
1145 1333 1184 1404 in

108 1451 236 1546 partus
255 1463 414 1550 tempore
432 1451 632 1526 definiendo
654 1451 798 1526 videtur
815 1469 959 1527 secutus
974 1455 1053 1524 ²⁶².
1102 1454 1185 1544 Quo

108 1585 234 1644 autem
256 1573 379 1648 ordine
404 1575 565 1650 membra
588 1574 753 1676 deinceps
778 1575 990 1666 formentur,
1012 1575 1119 1648 etiam
1141 1573 1187 1647 de

108 1691 175 1766 boc
206 1709 344 1772 veteres
370 1699 502 1800 physici
530 1699 794 1788 disseruerunt,
822 1721 1039 1798 quamquam
1071 1695 1187 1794 pleri-

110 1839 182 1912 que
214 1821 325 1917 magis
344 1820 545 1920 conjectura
566 1845 677 1922 quam
699 1819 837 1892 ratione
864 1829 928 1889 aut
947 1831 1098 1890 naturae
1120 1841 1188 1892 ex-

110 1940 286 2036 perientia
318 1941 403 2015 freti
424 1943 504 2018 ²⁶³.
560 1941 775 2016 Censorinus
805 1937 907 2030 dicit,
935 1937 1188 2036 Empedoclem

110 2061 288 2135 censuisse
317 2077 401 2136 ante
432 2064 551 2137 omnia
584 2089 643 2136 cor
668 2063 884 2150 increscere,
905 2056 1002 2158 quod
1036 2057 1189 2130 hominis

110 2180 221 2254 vitam
240 2185 396 2257 maxime
411 2187 589 2259 contineat
603 2185 683 2256 ²⁶⁴.
734 2181 993 2254 Testimonium
1011 2176 1108 2251 haud
1125 2180 1189 2252 im-

110 2300 311 2398 probabile,
340 2305 404 2377 etsi
432 2310 529 2380 testis
559 2330 631 2378 non
657 2303 739 2380 satis
765 2317 893 2375 certus
943 2299 1078 2372 Eadem
1100 2325 1187 2374 sen-

111 2423 223 2492 tentia
258 2421 372 2519 placet
408 2425 601 2506 Aristoteli,
643 2427 708 2524 qui
741 2421 905 2521 pluribus
935 2419 1017 2492 locis
1046 2419 1092 2494 de
1122 2421 1189 2494 hoc
1233 2437 1237 2446 “

111 2539 265 2635 disserit,
278 2541 500 2642 Empedoclis
513 2559 632 2620 tamen
645 2543 782 2618 nullam
795 2541 877 2614 tacit
888 2541 1092 2614 mentionen
1106 2544 1188 2614 ²⁶⁵.

111 2661 250 2736 Ultimo
272 2663 349 2738 loco
371 2665 517 2739 formari
541 2669 682 2766 putavit
707 2661 920 2764 unguiculos
946 2677 982 2736 et
1002 2689 1096 2763 quae
1122 2663 1189 2736 aha

112 2799 200 2858 sunt
223 2785 333 2885 hujus
357 2791 514 2886 generis3
543 2786 757 2889 unguiculos
775 2799 897 2859 eutem
911 2785 1006 2858 nasci
1026 2809 1048 2857 e
1067 2783 1192 2860 nervis

113 2908 203 2978 aiiris
226 2919 324 2980 tactu
351 2908 555 3009 frigolendis,
586 2925 629 2984 ut
656 2908 870 2984 Plutarchus
897 2907 997 2999 dicit,
1031 2907 1091 2983 vel
1119 2931 1189 3004 po-

145 3119 220 3189 (²⁵9)
237 3119 368 3174 Plutarch.
390 3121 458 3175 Plac.
478 3121 542 3192 phil.
561 3125 592 3188 V,
611 3140 657 3191 εις
676 3126 763 3180 Gslen.
785 3127 849 3178 llitt.
867 3123 933 3194 pbil.
949 3123 1070 3176 XXXVI.

145 3212 219 3278 (260)
237 3209 327 3264 Theon
346 3213 449 3280 Smyrn.
466 3217 493 3266 in
513 3215 626 3285 Eapoait
644 3233 735 3269 eorum
759 3215 869 3286 quaein
887 3211 1010 3264 mathem.
1033 3219 1081 3263 etc.
1094 3227 1121 3280 p.
1136 3213 1191 3264 162.

114 3303 189 3362 Quod
211 3303 237 3354 iu
259 3303 430 3374 Καθαρμοῖς
451 3305 518 3359 banc
539 3323 594 3360 reru
616 3307 730 3374 attigisse
751 3306 862 3362 dicitur.
892 3320 944 3355 non
969 3303 996 3353 in
1020 3301 1190 3369 Physicis,

113 3393 186 3445 nulla
211 3409 300 3448 mussa
328 3405 368 3448 eat
385 3413 433 3448 cor
452 3405 600 3466 suspectum
621 3395 761 3449 habeatnr:
788 3411 848 3446 nam
873 3401 902 3445 et
923 3392 973 3444 alia
996 3391 1029 3444 sd
1055 3389 1192 3443 bominum

63 3532 66 3546 ,
114 3483 194 3536 vitam
217 3493 245 3537 et
266 3493 363 3538 aetates
385 3487 527 3555 spectantia
549 3485 586 3538 ibi
608 3486 706 3554 attigit:
729 3485 762 3538 cs.
783 3485 925 3538 comment.
948 3483 974 3533 ln
997 3499 1043 3534 ras.
1069 3481 1191 3543 3⁶l·377·

148 3573 320 3641 (adoleatis
340 3575 583 3627 Aristotelesl’olit.
604 3575 668 3636 Vll,
693 3573 729 3627 ιᾶ
749 3581 816 3626 extr.
850 3571 912 3625 Noti
933 3579 993 3623 runt
1010 3569 1110 3622 Solonis
1129 3585 1192 3621 rer-

115 3663 200 3729 siculi‚
221 3682 247 3734 p.
269 3665 303 3726 64
324 3663 364 3716 ed.
387 3665 461 3716 bach.

148 3757 222 3826 (262)
239 3757 299 3810 Vid.
320 3757 425 3809 inferius
446 3763 501 3808 not.
522 3754 578 3818 267.

148 3847 223 3915 (263)
239 3847 274 3899 llt
294 3847 358 3898 dicit
375 3847 481 3900 Aristot.
497 3845 529 3899 de
549 3846 612 3898 Gen.
630 3845 712 3898 duim.
730 3847 772 3909 Π,
792 3845 816 3899 6.
833 3861 859 3915 p.
876 3841 927 3896 sas
948 3847 978 3896 Α.

149 3937 223 4002 (add)
243 3937 299 3990 vid.
322 3937 455 3990 Censorio.
475 3933 509 3988 de
530 3935 578 3989 Dic
600 3937 659 3988 Nat.
679 3953 702 3987 o.
716 3938 751 3988 vt
766 3935 850 4006 prino.
868 3951 893 4004 p.
911 3947 950 3998 27.

75 4005 77 4014 ,
148 4025 220 4092 (265)
237 4027 339 4078 Aristot.
363 4024 514 4093 dellespir.
534 4026 653 4088 c.vt11;
674 4024 706 4078 de
727 4025 796 4077 Part.
819 4023 899 4076 hnirn.
919 4025 969 4080 111.
991 4022 1023 4084 [ις
1047 4019 1080 4076 de
1099 4021 1193 4075 Gener.

118 4117 198 4169 luins.
222 4117 266 4178 11,
292 4115 315 4168 b
