2958 4822
509 393 591 441 vara
614 395 660 442 cr
683 395 824 445 srunus.
1177 387 1197 446 9
1223 414 1228 425 ·

134 557 174 633 dc
194 557 427 656 Empedocle,
450 583 560 660 quem
581 561 638 635 alii
654 561 927 656 Anaximandri,
949 565 1007 638 a'lii
1029 565 1198 667 Pythago-

137 705 212 772 rae,
234 679 294 752 alii
321 677 559 775 Parmenidis,
580 681 638 756 alii
659 685 906 784 Anaxagorae,
931 689 996 787 qui
1018 685 1115 760 baud
1132 711 1200 762 ex-

139 805 216 904 iguo
231 825 318 874 sane
335 803 505 900 temporis
526 801 714 881 intervallo
735 806 829 878 inter
849 831 886 880 sc
904 806 1051 898 distant,
1069 833 1199 908 aequa·

139 924 204 998 lem
223 936 262 996 ct
281 922 468 996 aernulnm
489 923 636 1000 faciunt.
674 929 727 1000 Dc
747 925 953 1027 aequalibus
977 939 1097 1002 autem
1123 927 1201 1028 ejus

139 1044 226 1117 infra
258 1043 472 1117 commodior
503 1047 571 1119 erit
599 1047 737 1122 dicendi
764 1049 872 1122 locus.
919 1047 1027 1124 Nunc
1058 1062 1200 1148 tempo-

139 1191 215 1239 rnm
232 1179 333 1238 notas
354 1178 393 1238 et
409 1163 560 1259 indicia,
581 1167 713 1269 quibus
734 1183 827 1244 aetas
847 1168 942 1243 illius
960 1171 1091 1246 certius
1108 1169 1200 1245 defi-

139 1289 202 1360 niri
221 1300 348 1386 queat,
371 1285 607 1384 exploremus.

178 1409 350 1506 Diogenes
370 1409 532 1482 Iadruus
551 1410 669 1507 ponit,
689 1402 775 1483 cum
796 1413 886 1484 circa
908 1411 1047 1513 Olymp.
1071 1413 1119 1506 84
1136 1409 1200 1486 flo-

136 1529 256 1604 ruisse:
287 1529 418 1624 ἤκμασε
441 1525 479 1605 db
503 1530 594 1605 κοντα
617 1528 725 1621 πηνδ
754 1535 811 1606 κα)
839 1531 877 1606 π’
902 1529 1122 1627 Ὀλυμπιάδα
1142 1541 1196 1605 ¹⁹.

133 1650 325 1743 Eusebius,
349 1663 393 1726 ut
416 1675 537 1751 saepe,
559 1641 710 1726 fluctuat
726 1654 820 1726 iuter
835 1652 1000 1754 Olympp.
1018 1657 1062 1728 81
1083 1669 1120 1727 ct
1140 1655 1196 1730 86.

132 1771 247 1848 Priore
278 1772 354 1846 loco
388 1773 475 1848 haec
509 1772 630 1847 babet:
675 1778 821 1870 Ὀλυμπ.
855 1775 925 1852 ποκ’.
975 1775 1198 1872 Ἐμπεδοκλῆς

131 1897 183 1969 καὶ
204 1893 426 1992 Παρμενίδης,
448 1895 631 1992 Φιλόσοφον
655 1900 815 1992 Quaem),
837 1895 1053 1997 ἓγοωρῖζονπο·
1078 1899 1197 1992 Ζήνων,

130 2019 181 2091 καὶ
191 2015 404 2114 Ἡράκλειτος
419 2019 435 2092 d
451 2017 613 2098 exerenda
625 2018 780 2114 ἤκμαζον.
806 2019 926 2094 Altero
937 2021 1039 2095 baec:
1052 2021 1126 2098 Ὀλ.
1139 2019 1196 2110 πς’
1347 2033 1351 2048 '

128 2139 322 2237 Δημόκριτος
336 2137 549 2236 Ἀβδηρίτης,
560 2141 702 2232 dvocabo
714 2141 916 2239 φιλόσοφος,
927 2141 1129 2243 ἓγνωρίζεπο,
1141 2147 1197 2220 καὶ

128 2258 349 2357 Ἐμπεδοκλῆς
372 2261 388 2334 ὁ
409 2259 672 2360 Ἀκραγαντῖνος.
706 2261 802 2335 addit
821 2265 907 2336 item
929 2265 1192 2363 Hippocratem,

127 2382 520 2483 Gorgiam,Prodicum‚
534 2381 627 2458 alios.
658 2382 795 2456 Gellius
812 2397 934 2457 autem
952 2385 1082 2478 scribit,
1095 2387 1194 2486 juxta

127 2517 282 2605 tempora
303 2505 493 2580 Fabiorum
514 2520 549 2580 et
571 2503 864 2579 Decemvirorum
889 2504 1087 2580 scribundis
1106 2507 1195 2606 legi·

125 2625 207 2719 bas,
234 2625 487 2724 Empedoclem
508 2627 843 2726 Agrigentinum'in
868 2623 1106 2724 philosophiae
1127 2650 1195 2699 na-

124 2747 245 2822 turalis
270 2746 387 2822 studio
412 2745 572 2822 floruisse
589 2759 646 2820 ²⁰.
695 2745 783 2821 Tres
808 2745 860 2818 illi
883 2761 1043 2820 auctores
1065 2749 1094 2822 si
1121 2775 1194 2824 non

123 2868 226 2968 plane
255 2870 467 2959 concinunt,
497 2867 595 2942 haud
626 2891 772 2968 prorsus
800 2882 918 2940 tamen
944 2868 1038 2941 inter
1059 2895 1096 2942 se
1117 2869 1194 2944 dis·

124 3003 283 3088 crepant:
304 3001 402 3087 patet
418 2990 516 3062 enim
536 3015 594 3063 eos
614 2988 836 3088 Empedoclis
859 2975 1018 3085 tempora
1040 3013 1112 3063 non
1131 2989 1193 3064 de·

124 3111 220 3184 inite
239 3123 381 3204 notare,
397 3109 458 3184 sed
480 3110 649 3186 universe
671 3124 814 3184 tantum
835 3109 1038 3208 significare.
1086 3111 1193 3203 Nam,

124 3257 209 3331 quos
230 3229 368 3304 Gellius
388 3229 495 3304 simul
516 3233 689 3323 nominat,
701 3230 811 3304 Fabii
832 3245 869 3304 et
889 3229 1087 3306 Decemviri
1103 3229 1191 3332 legg.

124 3351 264 3445 scribb.‚
285 3353 310 3424 ii
333 3377 395 3426 sex
413 3352 489 3426 fere
505 3352 625 3426 lustris
641 3352 735 3426 inter
756 3375 794 3425 se
813 3350 959 3425 distant:
977 3351 1077 3424 Fabii
1096 3355 1191 3425 enim

123 3473 228 3546 vitam
259 3499 325 3573 pro
357 3475 470 3573 patria
502 3471 727 3550 devoverunt
760 3503 790 3548 a.
822 3472 945 3547 U..C.
982 3499 1068 3572 277,
1095 3471 1132 3545 b.
1159 3498 1191 3546 e.

122 3591 258 3694 Olymp.
288 3593 391 3692 76,r;
410 3597 702 3674 Decemvirorum
723 3611 845 3671 autem
862 3607 1013 3696 potestas
1033 3595 1192 3668 instituta

150 3797 205 3896 (sp)
225 3829 299 3898 Dios.
310 3829 397 3882 hart
406 3829 478 3888 vm,
490 3829 529 3892 74.
547 3815 667 3882 Similiter
676 3845 819 3896 anonyrnns
829 3829 941 3897 scriptor
950 3828 976 3878 in
990 3824 1111 3890 scaligeri
1119 3823 1193 3876 Ther.

123 3923 214 3987 tempp.
223 3935 249 3989 p.
261 3919 322 3971 Sao.
973 3921 977 3926 '

148 4009 203 4076 (ao)
219 4009 320 4062 Gellius
333 4012 365 4062 N.
378 4015 403 4064 l.
414 4011 501 4074 XVII,
512 4027 552 4066 ar.
566 4011 663 4080 locam
675 4009 754 4072 hunc,
763 4010 790 4060 in
801 4023 853 4078 qno
863 4005 954 4062 haeret
966 4006 1025 4058 Ger.
1037 4004 1149 4062 Vossius,
1160 3999 1192 4052 de

119 4103 180 4164 poet
193 4101 284 4154 Graec
296 4116 320 4152 c.
330 4100 356 4163 6,
371 4109 442 4156 reete
456 4101 579 4171 explicuit
587 4103 707 4165 cornay.
717 4115 741 4168 p.
752 4097 791 4150 56.
804 4113 808 4118 ·
828 4063 844 4120 l
901 4107 903 4110 ·
