2968 4838
235 263 297 325 496
626 260 910 322 na'anrnnocus

233 441 392 516 habitum
419 441 617 540 plurimum
637 441 824 514 iaiet214.
875 429 1241 534 Empedocles'aurem
1258 437 1312 506 ita·

232 565 353 638 statuit
365 561 492 636 rationi
502 563 943 660 suae.congruenter,quia
953 583 1038 656 pree
1049 557 1176 630 ceteris
1186 583 1307 657 corpo-

232 688 279 759 ris
297 683 456 784 partibus
472 683 613 781 sanguis
629 684 672 754 sit
689 682 852 754 omnium
864 680 1123 754 elementorum
1134 683 1308 778 temperie

231 804 415 880 conflatus.
465 801 603 876 Deinde
615 802 669 874 ¹nb
691 803 815 876 eodem
832 801 1004 900 principio
1020 799 1156 875 variam
1173 802 1308 897 ingenii

231 927 386 1000 indolem
406 937 443 998 et
460 925 589 996 mentis
610 922 772 994 habitum
789 923 969 1021 repetivit:
996 922 1148 994 ut'enim
1165 922 1204 992 in
1226 921 1308 996 visu

233 1045 450 1146 explicando,
462 1049 601 1116 mutati
618 1044 804 1117 oculorum
816 1043 1079 1142 compositione,
1091 1045 1309 1117 visummu-

232 1172 316 1258 tari,
338 1167 497 1240 similiter
517 1167 650 1240 variati
673 1165 856 1264 sanguinis
878 1165 1063 1260 temperie,
1085 1162 1307 1236 intellectum

231 1289 358 1362 variari
386 1287 565 1386 judicavit.
614 1286 891 1384 sapientissimos
917 1298 955 1357 et
977 1285 1193 1358 acutissimos
1219 1283 1308 1358 dixit

232 1435 308 1501 eos,
333 1407 467 1508 quibus
488 1409 630 1508 sanguis
651 1421 742 1480 esset
763 1405 992 1504 aequabiliter
1015 1431 1036 1479 e
1058 1405 1205 1480 diversis
1232 1405 1307 1478 ele-

231 1529 362 1602 mentis
382 1542 616 1628 temperatus,
638 1532 686 1602 ita
709 1543 752 1601 ut
773 1553 840 1600 nec
858 1529 1013 1600 nimium
1029 1525 1116 1628 quid
1133 1541 1224 1600 esset
1240 1552 1307 1600 nec

232 1675 382 1750 parum3
414 1648 514 1739 dein,
545 1676 621 1750 quo
649 1648 798 1748 propius
832 1649 877 1722 ad
911 1649 974 1721 hos
1006 1647 1230 1736 accederent,
1266 1673 1306 1720 eo

231 1771 380 1844 acriores
402 1796 492 1865 esse3
515 1799 589 1873 quo
610 1771 750 1869 longius
771 1769 1009 1858 discederent,
1032 1793 1074 1842 eo
1096 1765 1305 1843 hebetiores.

231 1891 357 1982 Porro,
376 1891 509 1992 quihus
528 1892 711 1990 sanguinis
728 1891 903 1965 elementa
927 1904 1043 1964 essent
1058 1891 1183 1964 tenuia
1199 1905 1307 1990 atque

232 2037 324 2084 rara·
338 2013 445 2107 (μοαόι
464 2015 521 2088 καὶ
542 2011 679 2111 ἀραιά),
699 2037 757 2086 eos
783 2011 898 2084 tardos
917 2025 954 2084 et
975 2012 1089 2084 tristes
1107 2033 1198 2101 esse,
1221 2013 1306 2111 qui-

231 2131 299 2207 bus
321 2131 429 2208 densa
452 2160 492 2208 ac
514 2133 653 2208 minuta
678 2133 804 2234 (πυκνοὶ
828 2135 886 2207 καὶ
910 2135 1002 2210 aeria
1023 2133 1126 2230 ματρὶ
1147 2129 1307 2232 τεθραυσ-

231 2255 351 2354 pira),
371 2255 517 2348 celeres,
542 2256 773 2353 impetuosos,
805 2253 912 2330 leves.
963 2253 1105 2347 Altera,
1132 2258 1227 2350 μανόι
1252 2261 1306 2332 mi

232 2375 352 2476 ἀραιά,
368 2378 492 2450 dicere
513 2375 656 2450 videtur
672 2379 709 2448 in
728 2373 863 2475 quibus
881 2379 925 2450 ait
944 2379 1132 2475 temperies
1149 2377 1307 2477 dspcidnc,

232 2499 340 2574 altera
376 2514 515 2593 contra,
547 2499 586 2570 in
621 2485 754 2598 quibus
786 2495 939 2596 πυρώδης.
988 2497 1097 2592 Nam,
1127 2513 1170 2574 ut
1203 2517 1306 2578 vetus

231 2621 377 2724 quidam
404 2624 579 2720 interpres
600 2617 684 2690 dicit
702 2625 781 2710 ³¹⁵,
806 2617 1064 2718 »Empedocles
1084 2621 1184 2696 tarda
1203 2624 1303 2724 inge-

231 2746 290 2818 nia
315 2743 442 2842 frigido
461 2745 596 2816 circum
619 2741 823 2841 praecordia
847 2743 1020 2841 sanguine
1044 2743 1229 2842 impediri''
1251 2743 1306 2817 di-

229 2951 326 3016 αῗματο
344 2946 416 3004 εἶναι
434 2954 592 3023 ἀνθρῶποτς
609 2957 660 3020 τὴν
675 2955 742 3023 περὶ
757 2959 793 3005 τὰ
810 2957 907 3022 θνητὰ
927 2957 1069 3023 φρόνησον,
1089 2955 1153 3006 ἐπεὶ
1174 2957 1223 3004 arui
1241 2953 1302 3016 μετ’

230 3046 314 3097 αὐτὸν
335 3047 435 3098 πολλοὶ
456 3051 541 3099 τοῦτο
567 3051 748 3110 πιστοῦνται,
774 3047 936 3106 δεικνύντες
956 3049 1000 3099 ὅτι
1019 3049 1066 3098 sui
1086 3047 1307 3116 ὑποθερμανθέν

229 3139 284 3191 ὑπὸ
302 3145 424 3207 πυρετοῦ
443 3145 494 3193 'uni
510 3142 606 3211 χολῆς,
625 3143 769 3208 ἀφραίνειν
785 3151 862 3194 ποιεῖ
880 3145 927 3192 nui
943 3143 1128 3208 ἀνοηταίνειν.
1162 3141 1307 3207 Ἐμπεδο-

235 3233 299 3300 κλῆς
313 3251 345 3285 τε
363 3237 433 3286 οὕτω
451 3241 594 3302 φαίνεται,
617 3234 651 3294 ὥς
667 3235 782 3304 ὀργάνου
801 3236 869 3304 πρὸς
889 3233 997 3287 οὐτιοον
1017 3237 1068 3285 τοῦ
1088 3231 1205 3297 αἵματος
1219 3235 1306 3300 ὄντος,

235 3328 321 3394 λέγων
345 3311 403 3386 (vri.
434 3326 565 3391 siu-317).
600 3327 658 3378 Iino
687 3327 728 3378 hic
755 3325 881 3378 notando:
901 3328 1030 3396 primurn,
1053 3327 1225 3396 Porphyrium
1243 3325 1306 3378 haee

233 3417 376 3484 intelligere
393 3415 426 3468 de
448 3417 586 3484 prudentii
607 3422 674 3490 περὶ
695 3421 729 3472 τὰ
748 3403 860 3486 doni&
885 3415 979 3468 deinde
1007 3417 1160 3484 sanguinem·
1177 3416 1305 3486 appelinre

235 3509 268 3570 ὥς
298 3508 414 3576 ὄργανον
446 3511 513 3576 πρὸς
546 3509 667 3578 σύνεσιν,
702 3527 754 3562 non
785 3511 865 3578 ipsam
892 3507 1008 3560 σύνεσιν.
1039 3509 1184 3576 Utrumque
1203 3507 1307 3558 aenrrrit

234 3601 341 3652 fortasse
359 3599 541 3668 Empedocles,
567 3619 620 3654 non
647 3611 732 3654 tamen
754 3599 830 3662 dixit3
861 3599 994 3668 sequentia
1013 3596 1040 3648 id
1061 3595 1237 3648 declarabunt.
1269 3598 1304 3648 De

234 3694 310 3759 ψυχῇ
329 3705 343 3739 e
360 3689 486 3740 sententia
497 3689 737 3742 Homeri'd'rsaeruit
748 3689 782 3740 K.
793 3688 825 3740 Η.
838 3690 877 3741 W.
890 3685 1011 3744 i'ticier.
1021 3685 1071 3736 rid.
1084 3685 1175 3740 Jahrb.
1188 3685 1302 3739 trouu.

235 3797 258 3831 v.
275 3781 352 3832 Jahn.
373 3779 441 3840 ¹⁸27·
465 3779 509 3840 IV,
535 3795 559 3836 ο,
581 3797 606 3848 p.
630 3779 684 3841 sirii.

268 3869 338 3934 (315)
354 3865 454 3919 Horatii
469 3869 538 3936 Intp.
557 3870 635 3940 Cruq.
653 3869 678 3920 in
697 3871 753 3921 Art.
772 3867 845 3920 Post.
857 3885 893 3920 rr.
907 3865 965 3930 nse
976 3856 1047 3918 'curn
1059 3883 1113 3936 quo
1125 3867 1209 3925 Stura.
1221 3885 1245 3937 p.
1258 3867 1303 3930 447

234 3965 366 4026 comparat
388 3973 480 4009 versus
494 3959 608 4010 Maronis
629 3957 718 4024 Georg.
740 3959 783 4021 11,
802 3957 858 4020 483.
