2952 4836
252 385 315 446 ³90
601 424 605 434 .
644 393 691 438 nn
715 387 931 462 amranocms

251 559 489 662 Pythagoricis
507 559 667 630 numeris
686 555 843 630 maxime
858 555 1021 628 delectati
1041 555 1106 626 bos
1126 553 1246 627 ubivis
1270 581 1327 628 re·

232 683 370 780 xperire
392 677 458 752 sibi
485 681 550 752 visi
574 693 661 750 sunt
684 681 830 751 etmira
851 677 1043 750 rationein
1067 701 1190 749 rerum
1214 689 1327 750 natu-

254 827 329 876 ram
362 799 681 874 accommodarunt.
733 799 857 872 Talem
886 813 1036 872 naturae
1057 797 1329 898 descriptionem

251 923 547 1027 (Pythagoricam,
567 938 610 996 ut
631 923 725 1018 vult)
743 919 932 994 adumbrat
952 919 1097 994 Procius
1112 927 1193 1010 ²⁰⁹,
1209 920 1332 993 dicens

253 1047 382 1120 mundi
414 1045 680 1148 generationem
711 1073 731 1116 a
766 1043 918 1117 monade
945 1067 1122 1133 exorsam,
1163 1041 1249 1114 iude
1287 1040 1330 1114 ad

253 1169 385 1270 dyada,
421 1195 525 1268 porro
556 1167 599 1243 ad
632 1165 743 1239 triade
772 1191 1010 1264 progressam,
1036 1164 1179 1238 tandem
1209 1167 1246 1236 in
1272 1179 1332 1242 te-

253 1289 353 1363 trade
374 1287 581 1363 substitisse.
633 1288 776 1359 Monac
794 1287 996 1360 secundum
1019 1285 1121 1358 illum
1140 1301 1194 1359 est
1211 1313 1333 1360 unum

251 1413 412 1488 universi
434 1411 671 1508 principium,
695 1407 802 1508 dyas
822 1409 999 1488 contraria
1020 1421 1106 1481 sunt
1131 1407 1196 1480 sibi
1217 1433 1334 1507 oppo·
1428 1429 1431 1437 ·

252 1533 334 1623 sita;
350 1530 407 1605 his
419 1530 552 1604 accedit
567 1529 755 1604 vinculum
769 1529 925 1628 opposita
938 1527 997 1602 illa
1009 1527 1246 1630 conjungens,
1261 1557 1335 1630 quo

252 1651 406 1726 efficitur
428 1653 555 1744 trias,
577 1650 674 1751 quod
697 1651 815 1749 ipsum
834 1665 886 1724 est
907 1649 1078 1744 biforme,
1098 1650 1198 1724 unde
1219 1653 1337 1724 oritur

251 1788 396 1846 tetras
430 1797 495 1845 seu
525 1786 680 1871 quatuor
714 1796 837 1846 rerum
864 1771 1056 1845 elementa:
1086 1797 1181 1871 quae
1205 1786 1335 1845 cuncta

250 1895 389 1967 faciunt
401 1891 625 1982 decadem,
642 1893 743 1990 quasi
760 1917 937 1964 summam
949 1893 1056 1966 totius
1069 1908 1231 1967 naturae.
1258 1892 1336 1966 Tali

251 2015 544 2110 interpretatione
556 2037 648 2084 num
666 2011 868 2084 mirandum
882 2015 911 2085 si
923 2012 1157 2112 Empedoclea
1175 2013 1334 2085 doctrina

251 2157 332 2208 cum
341 2133 573 2235 Pythagorica
588 2145 625 2205 et
636 2130 814 2204 Platonica
828 2132 871 2206 ad
884 2135 1052 2206 amussim
1065 2132 1256 2234 congruat?
1265 2143 1282 2179 ²
1291 2145 1303 2182 ¹
1313 2145 1331 2182 0

300 2257 368 2331 Sed
395 2255 441 2330 de
469 2255 537 2328 hoo
563 2253 613 2327 itti
643 2251 809 2328 viderint.
857 2253 967 2329 Nobis
998 2281 1117 2330 unum
1146 2255 1266 2330 adbuc
1289 2256 1335 2330 de

250 2376 473 2478 Empedoclis
497 2376 672 2450 sententia
701 2373 1060 2452 animadvertendum
1086 2391 1210 2470 restat,
1236 2377 1335 2478 quod

251 2496 556 2578 considerantibus
579 2511 703 2596 sponte
720 2522 759 2570 se
773 2497 885 2570 offert.
935 2500 1165 2599 Empedocles
1182 2517 1333 2574 naturae

252 2620 425 2720 principia
459 2632 587 2692 cuncta
622 2617 705 2691 facit
738 2618 869 2692 divina.
919 2621 1068 2694 Summa
1092 2621 1151 2694 illa
1175 2625 1335 2696 universi

250 2741 436 2813 harmonia
470 2765 636 2813 summus
670 2755 723 2814 est
748 2744 822 2840 ipse
847 2743 959 2836 Deus3
985 2757 1136 2816 naturae
1158 2743 1333 2818 elementa

253 2875 341 2934 sunt
357 2863 432 2954 Dii,
463 2863 520 2934 Dii
552 2875 638 2934 sunt
665 2878 808 2962 agentes
833 2877 984 2934 naturae
1004 2864 1115 2958 vires3
1143 2865 1337 2943 universus

253 2981 415 3056 mundus
447 2981 569 3058 divina
600 2983 711 3082 stirpe
738 2999 837 3057 ortus
866 2999 903 3058 et
929 2983 1050 3059 divino
1075 2985 1178 3085 quasi
1205 2985 1335 3084 spiritu

253 3103 447 3197 animatus,
465 3101 594 3176 mundi
619 3103 689 3176 fata
715 3119 750 3178 et
767 3105 1023 3181 vicissitudines
1045 3119 1132 3180 sunt
1148 3108 1250 3206 quasi
1265 3105 1334 3179 de·

254 3247 360 3294 orum
383 3225 478 3298 inter
504 3249 542 3298 se
564 3223 774 3298 luctationes
796 3225 852 3301 vel
877 3228 994 3324 potius
1018 3225 1160 3304 divinae
1185 3241 1335 3300 naturae

252 3342 471 3442 jactationes:

289 3515 364 3581 (²⁰9)
384 3513 489 3565 Procius
504 3515 530 3564 in
548 3515 680 3567 Timaeum
700 3517 760 3572 lli,
780 3533 805 3585 p.
829 3515 874 3578 stad
891 3525 918 3568 et
941 3515 992 3568 155.
1005 3517 1041 3568 ct.
1056 3517 1177 3570 Themist.
1190 3519 1217 3568 in
1230 3519 1331 3570 tricet

254 3601 287 3659 (le
309 3607 355 3654 λιι.
377 3605 405 3664 l,
430 3601 447 3654 f.
468 3603 501 3656 66
523 3605 549 3655 t.

287 3691 362 3752 (aro)
380 3691 422 3741 Sic
450 3691 581 3760 Asclepius
609 3693 636 3743 ia
663 3693 738 3745 Arist
762 3695 876 3764 Metaph.
899 3696 926 3746 in
951 3694 1036 3748 Scbol.
1059 3699 1162 3750 tristor.
1186 3716 1212 3768 p.
1230 3699 1276 3750 631
1301 3717 1330 3751 aa

254 3779 344 3844 φιιμλν
373 3770 420 3834 οὖν
447 3783 490 3834 ὅτι
516 3783 530 3832 o‘
556 3781 754 3854 Ἐμπεδοκλῆς
776 3785 809 3844 ὡς
833 3786 1030 3859 Πυθαγόρειος
1053 3791 1223 3855 συμβολικῶς
1242 3798 1332 3844 τοῦτο

255 3875 447 3928 ὑπετίθετο..
469 3911 476 3926 .
497 3910 505 3928 ι
532 3879 580 3928 διὰ
597 3877 647 3942 μὲν
666 3885 713 3946 τῆς
730 3879 823 3942 φιλίας
840 3881 941 3949 ἐδήλου
960 3887 1011 3951 τὴν
1027 3887 1148 3952 μονάδα,
1175 3889 1236 3952 ἣτις
1254 3887 1331 3938 ulcio

254 3967 314 4020 ἔστί
328 3975 377 4036 τῆς
393 3969 509 4029 {veiosne
523 3981 582 4028 τοῖς
598 3957 681 4022 οὖσιν·
697 4007 704 4022 .
722 4005 730 4022 .
749 4009 755 4022 .
773 3975 820 4026 διὰ
836 3975 930 4035 μέντοι
945 3997 978 4042 με
991 3981 1042 4029 τοῦ
1055 3983 1164 4038 νείκους
1175 3983 1227 4042 τὴν
1240 3971 1331 4031 duddo

255 4061 369 4130 ἐδήλου,
390 4065 518 4116 seutdom
537 4068 588 4130 τὴν
609 4065 731 4132 πρδοδον
750 4069 804 4120 τίεν
822 4071 989 4136 πραγμάτων
1012 4073 1071 4123 κτλ.
