2968 4838
562 401 801 450 rrunoaorrrra.
1154 391 1216 454 509

144 566 188 642 ad
199 569 331 644 'lunam
350 565 551 640 extenderit
566 570 623 661 ²²)
641 567 740 642 locus
760 581 910 641 naturae
927 582 1066 642 nostrae
1082 581 1219 642 contra·

145 691 239 780 rius,
272 703 418 762 antrum
454 685 668 780 obscurum,
709 687 885 762 melorum
921 703 958 762 et
995 689 1218 764 miseriarum

144 824 288 908 pratum
305 819 361 882 ²³.

190 929 354 1004 Mortales
380 945 501 1006 autem
531 933 570 1006 in
605 931 672 1008 boc
697 931 817 1006 cnsilio
844 932 1011 1034 degentes
1039 948 1219 1034 coguntur·

142 1052 182 1122 in
211 1053 323 1126 varias
349 1052 515 1151 deinceps
542 1055 764 1128 animantum
791 1055 922 1128 formas
940 1053 1094 1154 migrare
1116 1053 1218 1148 (bot-

141 1171 259 1264 λντθοι
284 1180 426 1250 amata
454 1171 495 1250 δι’
521 1171 609 1250 deleo
632 1170 760 1273 θνητῶν)
774 1185 830 1266 ²⁴,
861 1199 934 1248 non
962 1175 1076 1250 solum
1101 1175 1220 1249 bomi-

142 1323 253 1390 num,
270 1297 452 1370 sedetiam
467 1295 663 1370 bestiarum
675 1309 713 1370 et
723 1295 906 1390 arborum,
918 1295 1222 1395 quemadmodum

143 1420 217 1516 ipse
244 1416 511 1509 recordabatur,
540 1441 577 1492 se
607 1419 790 1518 quondam
816 1417 925 1492 lenisse
946 1442 1084 1490 marem
1106 1431 1143 1490 et
1164 1417 1222 1490 fe-

142 1543 277 1616 minam
302 1555 339 1614 et
364 1538 548 1615 volucrem
571 1553 607 1614 et
629 1539 761 1637 piscem
790 1553 826 1614 et
848 1538 1021 1614 arborem.
1070 1539 1223 1614 Istorum

145 1675 268 1736 autem
291 1661 531 1734 mutationum
551 1659 617 1734 alia
637 1661 879 1760 praestantior,
900 1659 969 1734 elia
989 1659 1158 1735 deterior:
1182 1661 1221 1733 in

144 1785 235 1860 seras
251 1781 485 1884 migrantibus
503 1780 682 1880 optimum
699 1783 738 1854 in
758 1781 909 1856 formam
927 1780 1039 1856 leonis
1052 1783 1222 1856 transfor·

143 1905 251 1998 mari,
266 1904 306 1976 in
323 1903 479 1996 arbores,
493 1903 586 1976 lauri
600 1911 656 1974 2⁵.
677 1901 871 2001 Postquam
888 1917 1011 1977 autem
1022 1929 1087 2002 per
1098 1904 1225 1978 musti·

49 2057 57 2070 ·
144 2009 268 2101 tutum
285 2025 453 2124 temporis
468 2026 624 2123 spatium
640 2021 847 2096 circumacti
863 2022 988 2097 fatales
1000 2024 1223 2122 poenaaluc-

144 2147 218 2222 rint
234 2161 271 2223 et
290 2146 421 2234 scelera
439 2145 676 2244 expiaverint,
696 2157 873 2242 postremo
891 2145 930 2218 in
950 2146 1221 2244 praestantiores

139 2255 280 2346 ¹abeunt
306 2282 469 2359 naturas,
493 2279 612 2357 vates,
638 2289 754 2363 reges,
775 2277 856 2338 cett.
884 2263 984 2340 unde
1010 2263 1155 2338 tandem
1177 2265 1221 2339 ad

142 2391 290 2464 coeleste
321 2387 529 2464 evehuntur
559 2384 798 2478 domicilium,
823 2384 942 2459 locum
968 2385 1127 2483 ipsorum
1152 2411 1222 2458 na-

144 2527 248 2591 turae
280 2523 573 2598 consentaneum,
602 2506 729 2606 ibique
762 2503 856 2580 beati
886 2531 971 2578 cum
997 2504 1070 2578 Diis
1092 2531 1222 2584 aevum

142 2633 346 2732 degunt2⁶.

191 2756 287 2828 Haec
311 2755 484 2828 sententia
506 2751 612 2852 plane
635 2754 787 2826 concinit
809 2777 893 2826 cum
919 2749 1220 2852 Pythagoreorum

143 2873 450 2978 metempsychosi,
497 2873 635 2946 tametsi
678 2871 910 2972 Empedocles
944 2871 1140 2966 nonnulla,
1175 2871 1220 2948 ad

141 2997 380 3096 Orphicorum
414 2999 559 3070 fortasse
587 2993 812 3094 exemplum,
845 2995 1121 3094 superstitiosius
1151 2993 1219 3066 ad-

173 3169 232 3234 (aa)
249 3167 352 3234 Origeu.
367 3167 458 3220 Philos.
476 3169 520 3222 lva
540 3167 630 3236 ὅσπερ
649 3167 663 3218 ὁ
682 3164 882 3234 Ἐμπεδοκλῆς
896 3168 989 3218 πάντα
1005 3167 1053 3216 τὸν
1069 3162 1137 3216 καθ’
1150 3165 1220 3233 ἡμᾶς

143 3259 229 3312 τόπον
249 3259 301 3328 ἔφη
318 3261 407 3313 κακῶν
423 3263 523 3324 μεστὸν
544 3257 633 3327 εἶναι,
653 3261 701 3314 sul
717 3261 800 3328 μέχρι
818 3257 850 3312 dl
871 3259 985 3328 σελήνης
1002 3262 1038 3310 τὰ
1058 3261 1129 3311 τινὰ
1141 3261 1219 3321 φθά-

143 3373 201 3406 νονν
217 3355 247 3405 Ie
263 3357 314 3406 τοῦ
331 3357 398 3423 περὶ
415 3363 466 3423 γῆν
486 3356 574 3408 τόπου
591 3357 736 3422 reddero,
753 3356 908 3423 responsique
930 3352 962 3406 dl
978 3357 1016 3420 pa>
1033 3362 1150 3422 χωρεῖν,
1168 3353 1220 3404 ἅτε

144 3450 342 3518 καθαρωτέρου
365 3453 416 3501 τοῦ
438 3447 509 3518 ὑπὲρ
529 3453 581 3516 τὴν
600 3449 718 3516 σελήνην
735 3449 840 3506 παντὸς
859 3445 937 3506 ὄντος
958 3447 1057 3507 τόπου,
1081 3445 1151 3498 atvs
1172 3445 1221 3496 nat

143 3543 182 3607 οἱ]
199 3540 377 3611 Ἡρακλείτῳ
394 3541 501 3601 ἔδοξεν.

176 3633 231 3698 (τ3)
249 3633 355 3703 Emped.
374 3651 410 3685 ve.
431 3632 474 3685 ¹3:
491 3635 636 3702 ἀσυνήθεο
650 3635 749 3704 χῶρον.
764 3647 800 3682 vs.
820 3647 863 3682 ao:
875 3632 1000 3700 ἀτορντίοι
1014 3629 1111 3698 κῦρον.
1123 3641 1160 3676 νο.
1176 3623 1219 3677 ²3:

144 3721 231 3793 Ἄτης
252 3726 379 3789 λειμῶνα.
397 3743 432 3778 rs.
451 3725 494 3778 31:
514 3725 615 3797 ἄντρον
635 3727 798 3793 ὑπόπτερον.
819 3723 855 3776 ct
867 3723 1000 3790 Wyttenb.
1013 3727 1104 3774 Anoot
1117 3716 1143 3767 iu
1156 3714 1220 3766 Plat.

144 3815 272 3868 Phaelon.
290 3835 317 3887 p.
334 3817 382 3870 3ου
404 3835 441 3889 eq.

165 3907 235 3971 dod>
254 3906 357 3977 Emped
380 3925 415 3960 vs.
437 3909 460 3960 6.

163 3997 585 4063 .(at)1deaam.3so·tet‚at
604 4015 628 4067 q.
647 3997 664 4049 l.
683 3999 828 4050 Commeot.
850 4014 873 4064 p.
900 3993 954 4057 a75.

178 4087 235 4154 (ati)
252 4085 326 4140 lderu
347 4105 396 4139 rso.
420 4085 540 4150 tat-388.
857 4102 860 4111 ·
