3006 4830
288 362 349 430 tot
687 375 962 428 oonrmurnnrus

284 545 410 611 Phaedr.
432 553 594 606 comment.
615 565 648 626 p.
667 542 745 620 362,
766 544 820 606 ubi
840 567 871 629 p.
888 544 948 606 265
965 545 1004 623 E,
1021 549 1177 624 διατέμνιιν
1195 546 1264 615 κατ’
1280 551 1364 633 dulps

285 652 322 712 de
340 651 495 712 dialectica
520 649 638 709 dicitur.
688 645 807 710 Rectius
830 661 932 712 tamen
951 661 1026 733 puto
1043 659 1130 734 λέγω
1147 651 1198 712 hio
1218 654 1365 736 iuterpre-

284 761 340 819 tari
355 767 404 824 sto
420 732 496 832 ρρῦρ,
508 753 778 838 (quemadmodum
792 755 980 816 Parmenides
994 777 1035 819 vs.
1052 761 1105 820 55:
1119 767 1206 838 „ptam
1221 765 1253 828 ta
1265 764 1366 842 afim)

239 927 245 942 ,
285 875 320 924 ut
340 863 505 946 significet:
530 871 623 921 mente
645 864 680 920 iss
695 863 881 941 praecordiis
904 864 1011 924 dicisd.
1054 865 1162 926 Similis
1184 877 1228 927 est
1249 866 1365 928 locutio

285 971 453 1030 Homerica:
476 968 501 1028 ll
520 995 555 1043 α,
575 965 634 1028 189
641 989 648 1042 ;
668 965 749 1044 isli!
767 975 795 1032 οἱ
810 970 871 1049 ἦτορ
892 973 1033 1042 στήθεσσιν
1055 1013 1088 1030 ..
1110 976 1243 1053 διάνδιχα
1259 981 1369 1054 μερμή-

286 1079 365 1158 ριξεν.
391 1088 420 1136 et
442 1073 639 1157 virgilianum
661 1071 739 1132 illud
759 1073 834 1134 Aen.
856 1076 942 1150 VIII,
964 1073 1020 1134 20:
1049 1079 1183 1137 animum
1203 1099 1285 1139 ανασ
1305 1082 1367 1142 tuo

285 1184 424 1257 celarem,
443 1201 525 1239 ιιιιιιο
540 1179 647 1238 dividit
666 1178 750 1238 illuc.
779 1179 931 1240 Caeterum
951 1179 1078 1241 alterum
1094 1203 1211 1243 versum
1225 1182 1367 1245 Theodo-

285 1299 365 1349 retus
387 1287 429 1348 sic
456 1285 543 1369 legit:
573 1288 640 1352 ὦδε
667 1296 737 1366 pop
766 1291 899 1366 ἤματίρνρς
924 1293 1045 1355 κέλεται
1069 1315 1103 1353 τ.
1126 1303 1166 1353 Μ.
1186 1309 1248 1373 quo
1266 1311 1366 1351 nexus

283 1391 376 1476 hujus
396 1413 495 1452 versus
517 1411 587 1451 cum
609 1391 758 1474 sequenti,
783 1413 873 1474 quem
895 1391 946 1453 ille
967 1394 1095 1471 omittit,
1116 1395 1241 1456 tollitur.

326 1499 374 1557 Vs.
396 1495 437 1557 87
458 1517 522 1579 sqq.
566 1506 694 1576 Πείρατα
716 1504 805 1576 μόναν
830 1497 911 1567 Iiaet’
934 1503 999 1580 ὖρίιι
1022 1505 1107 1577 κτλ.)
1147 1501 1306 1585 Postquam
1329 1501 1366 1561 in

284 1595 548 1685 praecedentibus,
569 1623 699 1686 quorum
719 1623 782 1664 non
799 1605 855 1664 nisi
869 1625 967 1687 pauca
979 1603 1146 1688 fragmenta
1159 1605 1246 1666 nohis
1260 1605 1367 1666 relicta

284 1719 369 1784 sunt,
384 1709 569 1790 exposuisset
583 1707 797 1792 philosophus,
815 1731 891 1794 quae
904 1710 1029 1772 fuissent
1041 1709 1197 1795 quondam
1209 1709 1366 1771 Amicitiae

283 1812 314 1874 et
329 1812 496 1875 Discordiae
514 1825 613 1897 partes
629 1816 662 1874 in
681 1837 780 1876 rerum
798 1816 952 1878 elementis
971 1816 1156 1900 digerendis,
1172 1819 1236 1900 jam
1254 1817 1369 1876 utrius-

283 1941 345 2004 que
372 1922 521 1980 actionem
547 1920 580 1980 in
603 1919 691 1980 rebus
714 1920 854 1982 humanis
877 1921 1048 1983 adumbrat.
1090 1922 1184 1982 Do'cet
1205 1919 1367 1982 ambarum

282 2027 360 2087 tices
380 2028 412 2086 in
432 2025 549 2086 mundo
564 2037 711 2108 perpetuo
723 2027 843 2102 variam,
862 2047 916 2108 per
928 2047 976 2088 eas
990 2028 1082 2090 modo
1095 2027 1231 2090 contrahi
1246 2029 1367 2104 omnia,

283 2131 374 2196 modo
405 2129 557 2214 dissipari;
585 2131 681 2213 ipsam
708 2143 809 2192 autem
836 2131 917 2191 hanc
945 2131 1178 2195 vicissitudinem
1210 2144 1368 2194 aeternam

283 2248 435 2314 constare,
467 2247 601 2297 constare
625 2255 725 2296 rerum
747 2236 895 2295 elementa
916 2247 946 2296 ot
969 2239 1134 2321 prinpria‚
1160 2239 1272 2323 quippe
1291 2237 1367 2322 qui-

281 2342 339 2404 bus
358 2364 416 2404 nec
430 2341 570 2403 accedere
583 2361 641 2402 nec
658 2339 788 2400 defluere
801 2337 971 2422 quidquam
982 2343 1084 2424 possit.
1125 2345 1149 2404 Ε
1169 2345 1265 2426 primo
1279 2340 1367 2425 phy·

283 2449 411 2509 sicorurn
431 2446 506 2508 haec
528 2446 662 2506 desumto
682 2467 744 2507 esse
764 2455 851 2506 notat
872 2445 1042 2528 Simplicius
1061 2449 1125 2510 1.l.

324 2556 388 2614 Vss.
409 2551 518 2614 87-89.
561 2560 682 2633 srstpm
697 2559 783 2631 aoso
797 2585 836 2598 -·
854 2552 950 2627 εἷναι.)
989 2553 1159 2636 Simplicius
1176 2553 1283 2636 incipit
1296 2572 1366 2613 ver-

282 2661 328 2724 bis
345 2660 424 2728 ttaes'
441 2665 520 2739 ipius
539 2659 698 2740 praeposui
719 2672 840 2738 αετριιτα
854 2665 956 2736 μόναν,
976 2669 1011 2718 ut
1022 2657 1138 2719 iudicat
1151 2659 1213 2742 ipse
1227 2679 1269 2720 rs.
1284 2655 1364 2719 1022

283 2776 328 2844 te
347 2775 430 2848 πρὶν
450 2771 577 2842 terra,
595 2773 717 2844 πείρατα
730 2761 910 2842 attas'ttsu’
921 2767 997 2843 lotu-
1038 2761 1227 2824 Voctbnlum
1242 2770 1369 2845 πείρατα

283 2875 371 2938 simili
391 2895 479 2936 sensu
500 2881 625 2952 usurpat
645 2871 761 2930 Homer.
785 2869 819 2929 ll.
840 2875 878 2946 ψ,
900 2867 978 2930 35οι

445 2977 538 3062 ἕζετ’,
560 2983 623 3046 isat
646 2980 665 3059 ᾧ
683 2979 765 3042 παιδὶ
783 2981 904 3043 ἕκαστον
922 2974 1035 3056 πείρατ’
1054 2978 1152 3042 Issum.

282 3086 401 3151 Piudar.
421 3083 511 3168 Pyth.
534 3085 564 3160 1,
588 3081 624 3142 81
649 3079 778 3141 Boeckh.

445 3199 537 3270 mols
556 3194 581 3254 sl
601 3189 756 3270 Φνέρξαια,
776 3197 892 3255 sams
911 3193 1034 3268 τιίρατα
1054 3193 1246 3263 συντανύσαις.

283 3298 427 3383 Opposita
446 3300 476 3364 to
495 3307 525 3357 et
547 3285 655 3366 setosa
678 3291 852 3376 significant
875 3291 1002 3352 alterum
1028 3292 1153 3353 mundi
1181 3303 1364 3370 ornatum,

283 3404 411 3466 alterum
439 3402 590 3464 diversa
616 3398 827 3476 elementa,
855 3418 871 3457 e
895 3395 1005 3480 quibus
1027 3395 1175 3458 conflatus
1195 3409 1254 3476 est;
1280 3399 1367 3483 quod
1485 3461 1486 3464 ,

283 3521 384 3571 autem
400 3509 434 3568 in
452 3507 672 3567 universam
691 3513 831 3564 naturam
845 3500 927 3578 dicit,
942 3499 1025 3560 idda
1042 3502 1219 3585 singulis
1236 3513 1366 3566 naturae

280 3612 370 3676 rebus
385 3609 636 3694 intelligendum,
651 3629 729 3695 quae
748 3606 839 3668 modo
857 3605 1042 3683 cooriuntur,
1059 3607 1151 3669 modo
1169 3607 1366 3691 dissipantur.

281 3721 323 3783 tte
338 3719 398 3780 hoc
412 3718 501 3779 latius
519 3719 552 3777 in
571 3715 684 3777 dissert.
727 3725 796 3781 τοτὲ
815 3727 867 3793 μιν
885 3744 927 3758 -·
947 3726 1017 3780 τοτὲ
1034 3718 1082 3790 ὃν,
1103 3712 1264 3795 interprete
1283 3713 1367 3774 Sim-

280 3823 392 3908 plicio,
419 3837 510 3892 nost
540 3835 607 3905 μὲν
635 3831 686 3898 τῆς
707 3825 809 3902 Φιλίας
828 3824 913 3893 trau
931 3829 1104 3902 ιιραταῦτνρ,
1128 3831 1225 3887 τοτὲ
1246 3823 1285 3886 δὲ
1310 3829 1365 3886 τοῦ

281 3939 408 4007 Naissus.
431 3933 537 4008 llecte,
563 3929 655 3994 modo
680 3948 720 3988 ne
745 3941 816 3996 τιτὲ
841 3949 897 4012 pro
921 3940 993 3996 rost
1017 3929 1049 3988 in
1070 3923 1252 4008 Empedocles
1273 3947 1365 4009 repo-

154 4077 156 4084 .
281 4035 418 4098 nendum
437 4045 533 4119 putes.
