2952 4836
572 401 813 454 rannosorrna.
1168 393 1231 456 ³77

152 562 337 638 mundum
363 589 503 665 semper
522 591 618 662 esee,
651 583 731 643 tum
759 570 826 645 hoc
850 569 923 644 loco
944 585 1022 644 tum
1051 571 1133 646 alibi
1153 599 1234 647 ¹aaar-

153 683 285 758 nilestc
303 683 471 760 affirmat:
499 687 723 784 Ἐμπεδοκλῆς
749 691 806 786 dl,
831 695 857 767 ei
883 697 944 788 uta
965 695 1058 770 aava
1083 697 1122 771 τό
1141 699 1235 798 cxi}

154 802 210 900 μό
237 836 288 888 τις
313 805 426 883 όοκοόον
453 818 511 882 τοῦ
542 813 671 908 λόγου,
697 815 738 893 ὡς
775 819 859 892 ποτὶ
891 818 952 909 μὲν
982 822 1121 916 σφονόμν
1151 825 1235 896 οσοσέ

155 926 193 1006 δὲ
217 931 343 1025 κόσμον
365 932 542 1031 λέγοντος,
565 931 661 1024 δῆλον
684 935 734 1012 ’ότν
757 941 814 1012 κο)
838 939 893 1030 σὺν
914 941 1033 1030 κίνησον
1054 941 1086 1018 ἒν
1111 946 1153 1041 τῇ
1175 969 1237 1042 γε·

154 1051 239 1128 νόσεν
262 1061 322 1128 τοῦ
345 1053 474 1150 κόσμου
497 1055 634 1156 θεωρῶν,
660 1063 829 1158 γινομένην
851 1065 909 1137 κον)
930 1061 1136 1162 φόενρομόνκν
1158 1073 1238 1141 ὑπε-
1366 1047 1369 1058 ’

155 1173 264 1252 τίθεσο
284 1175 356 1270 tet,
388 1173 461 1253 ἐπεὶ
484 1182 541 1255 acl
570 1184 626 1258 τὸν
650 1187 791 1282 σφαῖραν
818 1179 895 1260 eirca
917 1187 1079 1281 βοόλετοον
1099 1191 1156 1264 καὶ
1184 1189 1239 1264 τόν

154 1301 283 1396 κόσμον
308 1300 379 1392 ἕνεί,
402 1305 459 1376 κον)
486 1305 604 1393 κίνησον
630 1303 772 1403 ἓνομόζεν
800 1304 832 1384 ἓν
855 1308 904 1407 τῷ
927 1310 1043 1411 κόσμῳ
1067 1305 1144 1386 εἶναι
1160 1315 1237 1386 ¹⁸⁴.

650 1517 672 1604 a
694 1521 748 1582 ιο.

206 1667 288 1744 lam
311 1673 340 1744 si
359 1687 567 1773 quaeratur,
585 1675 757 1776 placitum
774 1677 871 1751 istud
887 1678 933 1754 de
950 1679 1088 1754 mundo
1108 1677 1240 1752 intelli·

157 1793 230 1892 gibi
247 1805 284 1866 et
298 1791 453 1868 sensibili
472 1795 571 1870 unde
587 1796 738 1872 ductum
758 1799 817 1888 eit,
835 1815 996 1898 apparet,
1016 1813 1132 1874 totum
1150 1799 1240 1876 illud

157 1912 407 2016 αἰνιγματωδῶς
430 1916 598 1992 effectum
623 1945 698 1993 esse
719 1945 764 1994 ex
792 1919 1014 2019 Empedoclis
1040 1921 1107 1996 hoc
1129 1921 1240 1995 dicto:

156 2037 323 2111 modoeae
334 2063 407 2111 uno
419 2038 662 2128 multa,modo
675 2043 972 2114 mulwinanam
983 2041 1240 2142 revert2'5qucd

158 2158 400 2232 ratiocinando
414 2161 463 2233 sic
474 2160 748 2236 concludebant:
762 2163 993 2261 Empedocles
1006 2177 1156 2238 naturae
1168 2163 1241 2238 ele·

158 2295 282 2354 menta
303 2294 340 2354 et
359 2281 531 2382 principia
553 2284 766 2382 sempiterna
788 2281 887 2377 dicit3
912 2286 1075 2383 quocirca
1100 2309 1243 2360 necesse

157 2415 229 2494 eet,
244 2425 287 2474 ea
307 2416 382 2476 tam
403 2404 486 2476 uni
509 2429 621 2503 quam
641 2402 795 2478 multis
814 2427 890 2478 esee
907 2403 1076 2502 subjecta.
1114 2407 1242 2498 Quum

158 2523 271 2621 igitur
292 2537 422 2597 cuncta
445 2549 587 2598 unum
614 2523 716 2618 dicit,
740 2522 915 2598 intellexit
939 2523 1076 2600 diversa
1096 2525 1154 2600 illa
1178 2551 1242 2625 ge-

158 2667 247 2716 nera
270 2643 433 2718 concordi
455 2671 542 2744 pace
558 2645 695 2736 sociata,
719 2645 793 2719 sive
818 2643 979 2720 divinam
997 2671 1073 2720 esse
1093 2661 1244 2722 naturae

159 2762 296 2838 virium
328 2767 599 2865 nominumque
635 2765 875 2859 harmoniam3
911 2771 1090 2842 contrario
1125 2794 1245 2868 quum

159 2883 286 2960 eadem
315 2886 458 2961 multa
478 2885 580 2978 dicit,
604 2887 811 2987 significavit
831 2886 971 2962 easdem
994 2888 1072 2964 illas
1098 2903 1245 2966 naturas
1297 2945 1300 2952 ,

159 3005 371 3082 dissidentes
394 3010 490 3084 inter
512 3036 549 3083 se
572 3021 608 3082 et
639 3007 855 3082 reluctantes
877 3023 913 3084 et
933 3019 1108 3109 perpetua
1137 3013 1244 3087 vicie-

159 3127 319 3204 situdine
352 3132 508 3231 agitatas.
559 3131 603 3204 In
636 3128 792 3204 alterum
817 3129 1082 3206 transtulerunt
1110 3157 1242 3207 nomen

160 3251 332 3350 σφσόρον,
360 3279 434 3352 quo
463 3249 696 3352 Empedocles
724 3249 947 3324 harmoniam
981 3251 1093 3338 illam,
1132 3279 1243 3356 quam

159 3373 336 3472 principio
367 3373 496 3449 mnndi
524 3373 635 3448 fuisse
664 3372 783 3464 finxit,
808 3369 1069 3472 designaverat3
1090 3375 1243 3450 alterum

159 3493 285 3592 κόσμον
324 3495 553 3595 appellarunt
590 3494 774 3568 communi
812 3491 993 3570 vocabulo.
1056 3497 1242 3572 Praeterea

159 3621 269 3692 etiam
301 3617 371 3692 hoc
403 3631 563 3691 utuntur
585 3633 807 3714 argumento.
857 3615 1088 3714 Empedocles
1119 3614 1243 3690 iisdem

161 3735 348 3812 elementis
364 3753 437 3812 tam
456 3741 547 3813 Deos
570 3763 679 3838 quam
703 3735 886 3829 homines,
911 3739 1129 3830 animantes,
1146 3751 1244 3811 cete-

161 3885 292 3959 rasque
313 3887 437 3934 omnes
459 3874 609 3933 naturae
631 3883 687 3932 res
709 3854 874 3932 conflatas
900 3855 1004 3930 dicit:

194 4113 267 4178 (till)
285 4113 356 4168 Idem
373 4113 448 4182 Phys.
462 4117 534 4176 vui,
553 4115 571 4166 l.
591 4113 637 4178 257
657 4119 685 4178 83
705 4115 731 4168 iu
750 4095 862 4168 Brandir.
885 4115 968 4168 Schol.
991 4114 1094 4169 trirtot.
1109 4131 1133 4185 p.
1154 4114 1203 4178 425
1221 4133 1242 4166 a.
