2968 4838
204 345 268 408 ⁴86
595 359 644 405 nu
667 357 885 405 namucum

202 523 333 598 mentis
367 508 533 598 coullatos
563 527 718 624 putavit3
745 523 858 596 aciem
886 535 1007 596 tamen
1035 523 1110 596 eive
1140 519 1282 596 videndi

153 729 156 742 ,
202 648 277 723 vim
301 645 377 746 igni
397 647 605 744 pracsertim
627 645 819 735 contineri,
839 657 882 715 ut
906 655 1083 716 testantur
1103 642 1181 742 ejus
1200 669 1284 716 ver-

203 793 286 860 sus,
305 767 439 868 quibus
461 767 563 854 dicit,
584 771 682 840 intus
704 769 741 838 in
762 764 855 838 oculi
876 763 1013 862 pupilla
1034 765 1153 864 ignem
1176 764 1284 838 latere

203 889 336 963 tunicis
367 889 595 981 involutum,
633 889 785 962 humore
806 884 1082 977 circumdatum,
1102 911 1169 984 per
1189 911 1283 985 quae

203 1001 383 1082 flammam
410 1010 501 1083 sicut
524 1007 707 1083 lanternae
734 1011 849 1084 lacem
878 1023 1066 1105 penetrare
1091 1007 1284 1106 lucemque

202 1129 406 1205 diffundere
430 1137 512 1202 ¹⁹⁰.
562 1129 662 1222 Quid
696 1127 835 1229 igitur?
884 1127 982 1202 Num
1008 1127 1101 1202 ocuti
1124 1155 1171 1202 ex
1192 1131 1283 1201 Em-

203 1249 356 1348 pedoclis
388 1251 563 1326 eontentio
591 1251 671 1324 lucc
700 1248 849 1324 externis
870 1275 942 1324 uon
971 1249 1133 1348 indigent
1160 1249 1204 1323 ad
1228 1252 1284 1322 vi-

201 1369 391 1445 dendum‘l
441 1371 515 1444 lloc
539 1371 708 1471 siguificat
731 1369 952 1461 Aristotcles,
979 1371 1118 1444 diceus:
1144 1373 1285 1470 Empe-

202 1492 340 1568 dualem
373 1493 522 1568 videri
553 1493 775 1584 existimare,
805 1489 945 1583 ἐξιόντος
971 1504 1031 1566 τοῦ
1060 1497 1172 1588 (proris
1200 1494 1286 1589 W

202 1641 274 1689 σειν
284 1622 325 1664 ²⁹
334 1625 346 1660 ¹
362 1639 370 1684 ε
388 1613 489 1688 unde
505 1613 686 1711 probabile
704 1629 775 1706 est,
789 1615 891 1688 illum
904 1641 977 1688 uon
991 1615 1119 1692 diserte
1136 1615 1286 1716 quidem

202 1735 244 1808 id
261 1735 488 1835 explicuisset
507 1749 683 1826 attamen,
701 1735 730 1808 si
747 1761 821 1809 non
836 1735 942 1828 dixit,
961 1733 1079 1811 voluit
1095 1753 1207 1829 certe,
1229 1741 1286 1810 in-

203 1857 369 1932 teriorem
390 1853 493 1928 illum
516 1856 637 1954 ignem
659 1857 834 1930 exteriore
851 1854 933 1929 lucc
953 1855 1087 1932 eliciet
1107 1855 1285 1957 adjuvari,

201 1977 363 2052 similiter
386 1989 431 2049 ut
452 1975 572 2068 Plato,
598 1973 768 2052 ἐκπίπτειν
791 1979 831 2052 rl
851 1977 959 2072 ‘Aptior
979 1981 1059 2077 πρὸς
1080 1979 1191 2075 ’ὅμοιον
1204 1989 1284 2052 ²⁹²:

143 2153 145 2160 -
200 2095 299 2199 quod
311 2119 398 2172 cum
415 2109 486 2170 tota
501 2096 724 2196 Empedoclis
738 2099 826 2171 ratio
837 2097 882 2172 dc
894 2098 1073 2191 sensibus,
1092 2115 1171 2174 tum
1184 2127 1288 2200 prae·

199 2219 322 2294 sertim
355 2241 449 2317 quae
480 2215 525 2289 de
556 2217 743 2293 oculorum
775 2219 1003 2293 fabricatione
1027 2221 1133 2311 dixit,
1165 2222 1288 2296 decla-

200 2355 294 2418 raut.
326 2341 370 2414 In
392 2339 504 2438 ipsius
523 2341 589 2440 qui
606 2355 802 2438 supersunt
821 2341 982 2416 versibus
1001 2342 1088 2415 haec
1106 2343 1287 2418 fabricatio

200 2487 274 2536 non
298 2461 366 2535 nisi
392 2461 519 2534 leviter
539 2461 717 2562 tangitur,
744 2461 874 2535 clarius
896 2487 982 2540 vero
1003 2487 1024 2537 e
1045 2463 1288 2564 Theophrasto

199 2576 431 2686 cognoscitur.
470 2579 611 2674 Voluit,
628 2584 747 2658 visum
764 2609 838 2658 non
856 2583 928 2660 solo
954 2611 1001 2662 ex
1019 2587 1093 2688 igni
1109 2602 1288 2676 constare,

199 2705 260 2790 sed
287 2707 362 2804 igni
393 2719 429 2778 et
454 2703 548 2804 aqud
576 2719 817 2804 temperatum
843 2731 917 2778 esec
938 2711 1003 2795 ita,
1029 2723 1071 2779 ut
1095 2710 1287 2809 utriusque

199 2825 394 2927 particulae
417 2841 453 2898 et
481 2827 557 2928 pori
582 2825 726 2899 alternis
746 2819 924 2926 (ὲνσλλὰξ)
942 2815 1108 2928 disposita
1133 2843 1170 2902 et
1192 2843 1286 2902 arcto
1413 2911 1420 2926 ⁸

199 2947 345 3022 vinculo
373 2943 531 3046 colligata
558 2947 648 3041 siut,
676 2976 750 3049 quo
776 2964 935 3046 spectare
960 2949 1104 3023 videtur
1129 2951 1188 3024 ille
1209 2978 1286 3031 ver·

200 3096 277 3146 sus:
311 3069 460 3170 γόμφοις
498 3069 683 3162 ἀσκήσασα
718 3072 961 3171 καταστὸργσισ
994 3069 1177 3169 Ἀφροδίτη
1206 3083 1284 3150 ²⁹³.

198 3193 353 3267 Istorum
387 3207 510 3267 autem
541 3194 803 3266 elementorum
835 3193 990 3266 alterurn
1016 3192 1107 3286 luci,
1132 3195 1285 3272 alterum

199 3313 356 3404 tenebris
381 3329 582 3420 cognatum.
634 3316 744 3388 Porro
769 3327 902 3390 certum
932 3317 1120 3416 requisivit
1145 3332 1286 3416 tempe-

200 3435 307 3531 riem,
340 3463 453 3538 quam
483 3463 557 3510 uon
588 3435 739 3512 eandem
770 3436 938 3512 omuibus
968 3464 1043 3511 esse
1075 3438 1182 3531 dixit,
1226 3439 1286 3513 sed

178 3707 181 3718 ·
231 3680 306 3747 (eqo)
323 3677 430 3748 Emped.
451 3695 486 3730 rs.
506 3663 554 3730 Soa
572 3695 629 3748 sqq.

230 3771 308 3837 (⁵9¹)
328 3769 428 3820 tristot.
448 3768 481 3820 de
505 3769 586 3822 Senon
605 3785 627 3820 c.
648 3783 674 3830 a,
696 3787 721 3838 p.
743 3769 789 3820 512
809 3773 843 3832 G,
865 3779 892 3822 et
911 3769 998 3839 paullo
1018 3779 1092 3839 post.
1110 3788 1138 3840 p.
1157 3769 1206 3824 513
1226 3774 1253 3822 (L

233 3861 308 3927 (29⁸)
325 3855 398 3910 Plato
418 3857 484 3910 ttm.
508 3875 532 3927 p.
560 3857 594 3921 45
614 3861 641 3912 G.
659 3859 691 3910 cl.
711 3857 825 3910 Chalcid.
845 3859 955 3912 itt-Tim.
975 3876 1003 3928 p.
1018 3859 1146 3926 365·368,
1166 3875 1224 3913 tum
1239 3877 1285 3912 an·

200 3953 281 4000 notat.
301 3947 420 4000 Fabricii.
813 3961 814 3966 ¹

231 4037 430 4108 (aqlllmped.
458 4055 493 4090 vs.
518 4042 573 4090 ard.
653 4071 655 4076 ,
