3016 4840
571 384 810 436 amnosornrs.
1161 377 1226 441 ³35

148 557 266 630 trinae
301 554 455 647 aemuli,
481 557 573 630 sicut
603 555 794 656 pleraque,
823 557 923 630 etiam
951 556 1017 630 hoc
1037 559 1227 634 inventum

148 675 369 778 Pythagorae
390 676 657 753 vindicaverint.
690 679 783 752 Sunt
800 701 884 752 vero
906 678 1024 770 etiam,
1040 681 1105 779 qui
1121 679 1227 754 altius

148 812 324 898 repetant.
360 801 566 873 Lactantius
588 798 696 898 hujus
723 798 840 897 placiti
865 813 1046 874 auctorem
1068 800 1227 875 Trisme·

147 923 281 1021 gistum
304 923 463 996 nominat
479 929 541 1016 ⁷³3
576 921 722 996 Proclus
756 918 940 994 Chaldaeis
972 920 1097 994 tribuit
1112 928 1179 1014 ⁷⁴,
1205 945 1225 995 a

146 1041 298 1143 quibus,
330 1057 374 1118 ut
407 1045 465 1118 ille
499 1045 599 1138 vult,
634 1044 813 1118 clarissimi
847 1043 1015 1116 Graeciae
1037 1043 1225 1143 sapientes,

140 1165 334 1264 Orpheus,
354 1165 585 1269 Pythagoras,
606 1167 720 1255 Plato,
741 1186 884 1239 omnem
903 1163 1082 1240 doctrinae
1106 1167 1224 1242 lucem

144 1291 305 1362 mutuati
338 1291 420 1362 sint.
485 1290 552 1364 Sed
584 1291 648 1363 ista
679 1289 833 1388 magicae
866 1285 1059 1384 sapientiae
1098 1314 1224 1365 arcane

143 1409 289 1484 initiatis
311 1411 570 1512 relinquamus.
609 1413 759 1485 Certum
780 1407 947 1509 quidem,
971 1423 1127 1508 quatuor
1148 1411 1224 1486 illas

143 1539 293 1606 naturas
313 1531 455 1606 dudum
480 1549 563 1609 ante
585 1531 837 1634 Empedoclem
859 1543 958 1602 notas
979 1543 1016 1604 et
1037 1557 1056 1603 a
1075 1531 1225 1634 physicis

142 1652 182 1724 in
211 1653 472 1729 elementorum
509 1679 706 1730 numerum
738 1652 863 1726 relatas
884 1677 979 1743 esse,
1011 1652 1072 1726 sed
1095 1653 1224 1728 horum

141 1773 202 1846 alli
235 1797 374 1860 unum,
409 1775 466 1848 alii
499 1777 604 1876 pluro
636 1791 814 1868 statuere,
852 1755 1043 1848 aithalas
1073 1801 1224 1877 aquarn,

141 1895 383 1972 Anaximenes
415 1903 556 1990 aerem,
592 1897 788 1972 Heraclitus
820 1898 961 1996 ignem,
996 1897 1224 1972 Parmenides

139 2031 275 2092 terram
307 2035 344 2094 et
365 2022 485 2121 ignem
521 2023 616 2110 sive,
644 2035 688 2094 ut
715 2021 790 2119 ipse
823 2019 995 2118 appellat,
1020 2033 1159 2094 noctem
1187 2033 1224 2094 et

138 2139 261 2215 lucem
283 2143 348 2243 (*);
383 2141 616 2244 Empedocles
638 2167 722 2216 vero
744 2143 882 2241 primus
901 2141 950 2215 rit
970 2139 1223 2238 rrlvdpimrra

138 2263 200 2338 illa
236 2277 393 2364 quatuor
424 2263 633 2354 constituit,
670 2287 765 2362 quae
796 2262 926 2336 deinde
954 2261 1135 2361 plerisque
1160 2290 1221 2338 re·-

136 2399 242 2486 cepta
260 2395 301 2438 ⁷⁵
314 2407 325 2456 τ
338 2389 501 2488 quocirca
513 2385 595 2485 jure
611 2399 735 2458 auctor
748 2383 856 2481 hujus
872 2384 990 2482 placiti
1007 2382 1075 2454 dici
1090 2397 1217 2480 potest.

171 2551 365 2618 (73)1.actant.
385 2557 423 2616 ll,
446 2531 483 2605 ri.

170 2643 230 2709 (74)
251 2643 357 2694 Proetus
366 2644 391 2695 in
402 2645 467 2696 Tim.
477 2661 503 2714 p.
516 2643 575 2705 1542
591 2647 608 2710 ἡ
619 2645 673 2695 τῶν
683 2641 837 2712 ’Λσσυρὶων
846 2643 984 2707 θεολογίαν
995 2645 1030 2696 τὰ
1042 2643 1115 2695 αὐτὰ
1125 2661 1218 2715 reapo-

138 2735 253 2802 otreio»,
273 2736 383 2788 θεόθεν
398 2737 584 2797 leocadium·
599 2739 647 2789 καὶ
665 2739 716 2804 γὰρ
732 2740 760 2787 ἐν
774 2737 869 2804 ἐκείνῳ
884 2737 897 2786 ὃ
916 2737 1085 2808 δημιοῦργος
1096 2741 1144 2792 τὸν
1156 2739 1219 2792 ὅλον

138 2829 240 2892 κόσμον
259 2827 371 2895 λέγεται
390 2840 482 2883 ποιεῖν

241 2923 271 2972 ἓν
292 2923 389 2992 respic,
407 2924 434 2982 ἐξ
456 2925 561 2981 ὓδατος
583 2923 630 2974 acl
651 2928 699 2989 γῆς
720 2923 767 2972 nal
787 2922 948 2990 παννρὸφου
968 2925 1082 2993 αἶθρης.

168 3013 210 3078 q')
243 3015 294 3064 lon
310 3013 387 3065 Chias
404 3013 505 3065 duobus
523 3011 563 3064 bis
578 3017 666 3066 acrem
680 3010 789 3072 eddidit,
804 3012 824 3062 si
841 3009 903 3064 fides
919 3010 1061 3083 Philopono
1073 3013 1100 3066 in
1113 3015 1215 3070 Arlatct.

132 3103 386 3156 detensium.
405 3103 532 3165 11,t46
553 3107 578 3156 B.

167 3191 228 3260 (75)
246 3189 302 3244 vid.
316 3193 419 3245 Aristot.
429 3193 521 3247 Gener.
532 3202 559 3246 et
568 3195 641 3247 corr.
650 3193 693 3255 11,
707 3207 716 3242 r
730 3191 813 3260 princ.
821 3205 846 3259 p.
860 3189 909 3258 399
920 3207 957 3261 sq.
969 3191 1080 3262 Simplic.
1092 3193 1166 3260 Phys.
1178 3197 1215 3254 11.

135 3283 152 3334 l.
170 3281 204 3333 co
221 3285 247 3334 ll.
281 3283 311 3333 ln
333 3283 437 3335 Stobaei
454 3283 518 3335 Ecll.
529 3285 558 3343 Ι,
574 3299 600 3352 p.
613 3283 660 3346 oo,
679 3281 718 3332 ed.
731 3281 842 3350 Heeren.
855 3287 910 3332 tota
922 3281 1083 3350 Empedoclis
1094 3281 1215 3334 doctrine

133 3371 167 3422 ad
182 3371 312 3423 Melinum
324 3381 351 3424 et
362 3377 494 3425 Zenonem
506 3375 634 3427 refertur:
660 3373 796 3431 Μέλισσος
816 3375 863 3423 sol
882 3373 975 3440 Ζήνων
989 3375 1022 3424 τὸ
1038 3371 1067 3425 ἓν
1085 3378 1133 3426 aul
1147 3380 1216 3437 artie,

134 3500 141 3512 .
158 3499 165 3512 .
180 3499 205 3514 ..
224 3463 293 3530 ὕλην
311 3465 343 3516 dl
360 3465 432 3516 oded
451 3471 486 3518 τὰ
502 3471 623 3538 τέσσαρα
638 3477 779 3536 στοιχεῖα,
800 3469 866 3532 εἴδη
883 3466 915 3523 δὲ
932 3471 964 3518 τὸ
979 3469 1083 3526 Νεῖκος
1100 3473 1148 3520 sul
1164 3475 1216 3538 τὴν

133 3555 248 3608 Φιλίαν·
270 3557 344 3624 Myer
369 3559 400 3609 δὲ
423 3563 470 3610 nul
490 3565 525 3612 τὰ
542 3565 669 3633 devitetis
690 3561 788 3624 θεοὺς,
815 3563 861 3611 ναὶ
882 3563 914 3612 τὸ
934 3569 1024 3628 μῖγμα
1043 3561 1148 3614 τούτων
1168 3567 1217 3614 τὸν

133 3651 252 3714 κόσμον,
269 3651 328 3702 acl.
367 3653 435 3703 llaec
445 3653 531 3705 omnia
542 3654 603 3708 inde
614 3673 628 3706 a
641 3656 726 3707 verbis
737 3655 805 3724 ὕλην
823 3653 855 3707 di
873 3655 946 3707 αὐτὰ
957 3653 1127 3723 Empedoclea
1139 3663 1215 3717 eunte

132 3743 248 3793 auctorit
265 3759 359 3794 nomen
374 3743 495 3796 excidisse
507 3759 567 3796 cum
580 3761 621 3796 rea
634 3746 686 3814 ipsa
698 3745 872 3808 demonstrat,
891 3755 948 3798 tum
964 3743 1006 3795 cel
1018 3743 1078 3796 inde
1092 3740 1215 3812 suspicari
1255 3811 1258 3816 Ι

132 3833 208 3897 licet,
220 3833 293 3904 quod
306 3835 331 3885 in
343 3842 399 3886 toto
409 3833 458 3885 hoc
471 3837 566 3904 capite,
582 3837 627 3887 ubi
637 3835 824 3906 plerorumque
835 3836 1001 3905 physicorum
1012 3833 1107 3901 placita
1116 3847 1215 3882 memo-

131 3931 241 3986 rantur,
252 3923 413 3993 Empedoclis
423 3925 495 3975 nulla
507 3926 603 3978 mentio
613 3927 651 3978 fir.
685 3927 819 3978 Heerenus
831 3931 917 3977 tamen
929 3929 1033 3987 censet,
1044 3925 1173 3974 Zenonem
1187 3919 1214 3971 in

131 4013 170 4065 his
181 4031 243 4066 cum
255 4011 412 4083 Empedocle
423 4017 583 4080 convenisse,
595 4023 623 4069 et
634 4023 727 4070 testem
736 4013 843 4088 adhihes
854 4011 1016 4066 Aristotelem
1028 4009 1062 4064 de
1073 4011 1139 4064 Xen.
1150 4009 1214 4063 zen.

131 4111 159 4155 et
171 4105 245 4169 Gorg.
258 4103 287 4156 T.
301 4105 329 4166 1,
341 4119 363 4154 e.
376 4120 397 4155 a.
408 4121 434 4173 p.
445 4105 493 4174 94²
507 4106 569 4174 (940
581 4107 615 4175 F)
625 4107 769 4161 dicentem:
782 4107 837 4159 τῶν
848 4105 932 4158 ὄντων
941 4107 976 4156 τὰ
988 4103 1037 4170 μὲν
1049 4101 1128 4156 ἀΐδια
1140 4094 1214 4156 εἶναι
