3016 4840
278 365 340 429 284
675 381 953 432 couunu‘rtruue

359 547 484 608 Victima
504 545 572 608 labe
593 567 696 608 carens
716 559 746 610 et
765 548 1012 631 praestantissima
1030 547 1126 606 formai
1146 525 1157 607 .
1180 585 1188 605 .
1211 587 1218 606 .
1242 587 1252 605 .

358 653 474 714 sistitur
494 662 563 712 ante
580 672 660 730 arae,
678 653 821 737 auditque
841 655 946 737 ignara
968 662 1153 735 precantem.

319 759 370 818 Vs.
392 757 461 818 416.
505 767 584 838 inpie
604 763 817 838 millium.
843 758 946 839 scripsi
965 777 1021 839 pro
1041 755 1121 838 vulg.
1144 763 1204 836 inp.
1229 759 1351 834 ludici·

278 891 387 940 ruere,
404 862 487 946 quod
502 873 583 923 caret
602 883 707 942 sensu3
722 862 819 923 dualia
837 882 980 922 numerus
999 871 1079 922 recte
1095 861 1236 942 ponitur,
1256 881 1348 944 quum

278 970 422 1030 reseratur
440 967 478 1027 ad
495 966 584 1028 ambo
603 987 680 1051 qnae
699 965 896 1050 praecedunt:
915 973 973 1043 ω’ὓς
991 973 1103 1046 πατέρι
1118 970 1189 1032 ἑλῶν
1208 976 1237 1026 et
1255 971 1351 1042 ηὒις

278 1082 388 1158 μητέρα
409 1079 534 1149 ἑλόντες.
576 1071 729 1133 Caeterum
752 1073 791 1133 cf.
813 1093 963 1155 suprave.
984 1071 1056 1134 877.

320 1183 370 1242 Vs.
387 1179 447 1240 416
464 1201 507 1263 sq.
549 1184 592 1245 04
607 1188 743 1248 παύσεσθε
759 1183 844 1254 κτλ.)
883 1179 939 1239 Pro
955 1182 1046 1259 Φόνοιο
1057 1183 1197 1259 δυσηχέος
1212 1177 1350 1259 tergitur

279 1287 399 1369 corrigit
412 1293 446 1366 φ.
458 1289 600 1363 iunctae,
612 1286 649 1346 ad
661 1284 887 1346 similitudinem
898 1305 940 1346 vs.
951 1285 1021 1360 400,
1035 1283 1087 1344 ubi
1098 1283 1188 1366 vulgo
1197 1282 1351 1365 legebatur

278 1398 380 1466 εὐηκέα
399 1395 490 1472 βάξιν.
529 1394 707 1474 Utrumque,
727 1391 760 1450 ni
778 1389 875 1466 fallor,
895 1389 1050 1450 vitiorume
1076 1394 1178 1463 εὐηκέα
1200 1389 1300 1471 potius
1319 1388 1350 1446 in

278 1506 387 1580 simia
411 1496 592 1558 mutandum
612 1517 703 1578 cupra
722 1494 854 1570 ostendi,
875 1491 927 1554 ubi
951 1497 1105 1579 utriusque
1125 1493 1265 1555 vocabuli
1288 1514 1353 1554 sen-

278 1625 344 1664 sum
365 1601 508 1685 explicui.
551 1602 624 1662 Cum
646 1598 690 1660 his
711 1599 846 1660 concinit
865 1597 956 1681 plane
974 1598 1110 1674 Ovidius,
1129 1598 1202 1660 ibid.
1222 1619 1265 1660 vs.
1278 1598 1351 1658 174:

441 1706 553 1768 Parcite
560 1749 570 1782 ,
594 1705 754 1780 reticium,
779 1715 921 1786 cognatas
938 1703 1029 1765 caede
1046 1703 1178 1764 nefanda

340 1865 344 1874 .
440 1809 604 1872 Exturbore
627 1810 752 1870 animas.

280 1919 332 1978 ubi
353 1917 482 2000 nefando
500 1914 579 1975 idem
597 1913 679 1996 quod
697 1912 748 1974 hic
767 1919 907 1996 δυσηχήςς
925 1915 1076 1976 exturbare
1097 1917 1213 1974 animae
1231 1935 1354 1997 respon·

279 2024 331 2086 det
353 2021 443 2083 verbo
465 2025 614 2100 duodicim
639 2025 727 2098 θυμόν.
770 2020 845 2080 item
868 2041 910 2080 ve.
936 2021 990 2080 141
1012 2041 1056 2103 eq.

401 2126 534 2208 Cumque
555 2123 648 2184 boum
674 2119 782 2184 dabitis
802 2144 956 2184 caesorum
979 2123 1114 2184 membra
1133 2123 1253 2206 palato,

400 2229 542 2292 Mandere
564 2250 615 2290 roe
639 2240 749 2290 vestros
768 2229 839 2290 scite
861 2240 889 2290 et
913 2230 1018 2290 sentite
1040 2229 1173 2291 colonos.
1289 2263 1302 2288 ι

322 2340 370 2398 Vt.
395 2335 465 2398 418.
506 2345 618 2414 κυάμων
634 2369 667 2382 ·-
686 2339 807 2415 ἔχεσθε.)
827 2335 962 2416 Geopon·
975 2339 1090 2415 ἐ’χεσθε,
1103 2333 1214 2396 Gellius
1226 2340 1357 2418 ixeriat,

280 2443 394 2525 antiqq.
415 2439 486 2502 edd.
507 2443 627 2506 iterius.
670 2439 771 2500 Faba
794 2437 1079 2500 abstinendum
1100 2449 1182 2500 retus
1210 2453 1254 2502 est
1273 2463 1358 2524 prae-

280 2559 417 2631 ceptum,
439 2547 647 2630 pervulgatum
667 2556 767 2605 tamen
788 2547 880 2626 magis
898 2567 990 2628 quam
1012 2545 1210 2628 explicitum
1230 2547 1357 2628 pertinet

280 2655 393 2736 quippe
418 2652 456 2712 ad
482 2654 636 2735 mysteria5
658 2649 778 2733 dequo
799 2649 907 2710 vellem
930 2651 1010 2710 idem
1029 2672 1114 2733 posse
1135 2649 1249 2728 dicere,
1272 2649 1354 2734 quod

280 2761 312 2818 in
335 2756 443 2817 talibus
461 2755 536 2816 colet
554 2775 662 2838 parens
679 2755 827 2832 historiae,
846 2763 947 2822 eciem
963 2784 1010 2835 μοι
1028 2765 1090 2838 πέμ
1108 2764 1230 2837 εὔστομα
1244 2760 1352 2824 uictu!

281 2861 338 2925 Sed
357 2861 442 2921 locus
461 2859 694 2942 explicationem
712 2859 855 2942 postulet.
896 2861 980 2923 llulti
998 2861 1035 2922 de
1055 2861 1114 2922 hoc
1134 2863 1242 2946 placito
1259 2863 1353 2945 scrip·

281 2976 403 3042 rerunt,
431 2973 492 3024 tam
518 2965 634 3047 utrtiqui
656 2985 748 3048 quam
770 2967 967 3028 recentiores:
991 2989 1029 3028 ex
1052 2967 1098 3029 hir
1122 2969 1280 3050 praecipue
1299 2989 1356 3028 no-

282 3067 419 3132 minandi
445 3067 536 3130 lilius
567 3067 716 3152 Gyraldus
742 3070 869 3154 tyring.
898 3070 1003 3155 Symb.
1029 3093 1061 3156 p.
1084 3071 1161 3152 6493
1185 3071 1358 3135 liittershur.

282 3178 314 3235 in
335 3172 481 3256 Porphyr.
498 3175 557 3236 vtt.
573 3173 663 3256 Pyth.
681 3195 728 3234 nr.
751 3175 790 3237 43
797 3199 806 3254 3
823 3176 937 3262 llenag.
957 3177 1039 3238 0bse.
1058 3179 1153 3238 La'e'rt.
1170 3179 1256 3254 vltt,
1275 3199 1298 3238 s.
1319 3176 1358 3238 24

238 3261 242 3282 ’
282 3277 644 3356 courtmatrut.
671 3279 794 3340 rocon.
820 3281 896 3341 nar.
924 3293 1012 3344 mort.
1042 3284 1112 3358 xx,
1140 3281 1161 3366 o
1186 3283 1223 3360 a,
1252 3293 1282 3342 a
1301 3282 1358 3342 ra.

283 3395 363 3445 ouct.
384 3383 406 3467 5
425 3383 444 3441 0
463 3382 508 3466 (Τ.
525 3385 558 3459 l,
582 3404 614 3465 p.
631 3383 691 3444 415
708 3393 738 3444 et
756 3383 846 3465 545);
867 3387 997 3446 Sturaius
1009 3387 1040 3446 in
1055 3387 1179 3470 Emped.
1195 3407 1226 3470 p.
1241 3385 1301 3448 054
1316 3409 1358 3469 sq.

283 3487 414 3550 Lobeclr.
436 3486 584 3570 Aglaoph.
611 3507 642 3570 p.
665 3487 726 3549 249
748 3511 792 3574 sq.
817 3488 928 3573 aliique
949 3489 988 3551 ab
1009 3491 1068 3552 illis
1086 3493 1178 3553 citati.
1221 3494 1360 3552 Veterum

283 3595 461 3676 scriptorum
490 3593 565 3668 loci,
593 3593 626 3651 in
653 3591 763 3675 quibus
789 3591 848 3653 hac
873 3592 911 3654 de
939 3617 971 3656 re
995 3597 1108 3658 montio
1136 3595 1189 3675 fit,
1216 3595 1246 3656 hi
1266 3597 1362 3678 potis·

282 3700 392 3758 simum
411 3695 605 3758 consulendi:
624 3696 769 3778 Diogenes
787 3697 883 3764 Latin.
899 3700 988 3778 vltt,
1006 3700 1045 3762 24
1063 3713 1092 3763 et
1110 3701 1167 3778 34,
1186 3711 1290 3762 testem
1309 3700 1362 3760 ad·

283 3803 390 3864 hibcns
413 3800 613 3878 Aristotelem
631 3801 742 3862 Gellius
761 3803 796 3863 Ν.
814 3801 850 3862 Δ.
869 3805 918 3880 lv,
939 3806 988 3883 ll,
1007 3805 1216 3868 Aristoxenum
1234 3805 1363 3866 laudans

284 3917 313 3966 et
334 3905 550 3968 Callimachum
569 3905 674 3988 fragm.
698 3905 773 3983 1285
793 3907 893 3968 Cicero
915 3909 952 3970 de
975 3911 1039 3971 Dir.
1061 3913 1093 3986 1,
1113 3909 1169 3988 30,
1192 3913 1286 3988 etii,
1308 3909 1362 3986 58;

230 4065 233 4071 ,
285 4011 395 4072 Plinius
415 4013 449 4073 ll.
472 4013 514 4072 Ν.-
528 4011 642 4087 XVlll,
666 4011 720 4088 12;
742 4011 888 4094 liidymus
901 4015 932 4074 in
949 4017 1084 4098 Goopon.
1101 4017 1143 4092 11,
1163 4015 1203 4078 58
1222 4015 1269 4076 ed.
1287 4017 1362 4077 ttict.
