2968 4838
552 401 792 451 rumosorms.
1143 394 1205 457 466

124 561 289 638 candum
310 567 442 666 optima
462 567 513 640 illi
536 568 837 642 accommodatum
858 583 934 642 erat
952 569 1049 670 quod
1071 569 1115 644 de
1136 597 1202 670 po-
1246 553 1251 560 ¹

123 684 173 756 n's
198 700 238 758 et
263 686 514 762 effluxionibus
542 687 719 783 dixitzxut
744 688 883 763 ferrum
912 691 956 762 ad
982 704 1204 790 magnetem,

122 805 172 877 sic
201 821 384 882 amentem
409 807 454 882 ad
476 823 654 882 amantem
677 807 769 882 trahi
790 807 976 908 temperiei
996 824 1033 884 et
1055 824 1204 886 naturae

122 929 379 1020 consensione,
403 957 475 1030 qua
496 930 640 1004 alterius
664 929 823 1028 ἂπορροα)
840 932 877 1004 in
903 929 1055 1005 alterum
1076 945 1205 1008 mutuo

119 1045 285 1121 influant
309 1059 386 1122 ²²⁹.
717 1057 719 1060 ’

169 1170 285 1244 Porro
309 1172 499 1272 utriusque
528 1175 631 1248 sextis
657 1173 841 1249 discrimen
865 1175 983 1274 posuit
1004 1176 1041 1246 in
1066 1173 1202 1248 diversa

118 1294 316 1388 temperie,
340 1294 444 1365 utin
468 1294 649 1368 Plutarchi
670 1295 809 1370 Placitis
832 1296 1007 1370 refertur:
1036 1291 1204 1390 ’spacta-

117 1415 203 1501 κλῆς
229 1413 344 1510 ἄρ’ῥενα
366 1417 423 1490 acl
446 1413 542 1506 θήλεα
563 1414 710 1517 γίνεσθαι
734 1417 827 1516 rapis
853 1414 1034 1515 θερμότητα
1058 1418 1114 1490 acl
1134 1411 1201 1506 ψυ-

119 1537 293 1632 χρότητα·
306 1545 384 1612 ²³0.
434 1537 547 1612 Mares
577 1538 705 1614 nature
725 1539 814 1615 dixit
838 1537 1036 1631 calidiores,
1064 1536 1204 1636 frigidi-
1332 1557 1337 1566 ·

118 1681 202 1730 ores
232 1658 478 1732 feminas221:
513 1660 616 1760 cujus
649 1661 860 1738 diversitatis
890 1685 983 1761 quae
1015 1681 1136 1733 caussa
1160 1658 1204 1732 sit

119 1775 159 1848 in
197 1778 320 1869 foetu,
357 1781 450 1853 infra
483 1781 738 1880 explicabitur3
770 1783 815 1856 de
842 1782 956 1880 prima
982 1793 1103 1854 autern
1127 1771 1205 1878 eius

119 1899 263 1998 origine
279 1901 494 1975 Plutarchus
515 1901 601 1975 haec
618 1903 785 2001 deinceps
803 1902 1003 2002 subjungit:
1025 1899 1093 1978 tta
1111 1902 1205 1977 loro-

704 2023 731 2050 Η

120 2023 257 2114 peirac„
281 2023 358 2103 roda
390 2027 450 2116 salv
491 2021 637 2120 irp'drovc
671 2023 801 2121 dippeus
840 2023 918 2120 apta
956 2022 1105 2118 ἀνατολῇ
1147 2025 1205 2096 ael

121 2144 324 2243 μεσημβρίᾳ
343 2143 540 2243 γεγενῆσθαι
564 2149 696 2242 μᾶλλον
717 2142 756 2218 ἐκ
776 2149 833 2234 τῆς
856 2147 940 2242 γῆς,
960 2141 1078 2223 rlrcdl
1101 2139 1205 2230 θηλεί-

121 2295 162 2346 ας
193 2267 273 2364 πρὸς
299 2271 371 2348 ταῖς
399 2267 540 2364 ἄρκτοις.
573 2269 595 2339 i.
626 2291 658 2360 e.
694 2268 849 2364 »primos
873 2288 987 2337 mares
1011 2263 1203 2362 praecipue

122 2385 162 2458 in
186 2387 428 2494 calidioribus,
455 2390 604 2461 feminas
630 2390 669 2459 in
693 2379 1073 2484 frigidioribusterrae
1096 2384 1204 2482 parti,

121 2507 194 2582 bus
221 2507 351 2581 natas’'.
403 2509 564 2582 Narratio
591 2507 679 2580 haec
710 2505 754 2578 ad
786 2503 1037 2604 Empedoclem
1061 2505 1204 2602 potissi·-

123 2654 230 2703 mum
253 2628 396 2702 videtur
416 2643 589 2727 spectare,
616 2641 742 2714 utrum
767 2651 852 2700 vere
880 2651 926 2697 an
950 2622 1039 2696 falso
1060 2623 1203 2716 tradita,

122 2749 265 2822 difficile
294 2748 394 2823 dictu
415 2758 494 2842 ²³²3
519 2761 639 2822 tamen
663 2773 739 2822 non
762 2745 928 2818 abhorret
952 2743 996 2816 ab
1019 2743 1116 2819 illius
1141 2745 1202 2818 in-

123 2870 247 2968 genio:
276 2872 416 2969 gemina
443 2870 528 2943 huic
555 2881 755 2942 commenta
779 2865 825 2940 de
848 2865 1037 2940 hominum
1064 2879 1102 2938 et
1127 2867 1203 2938 ani·

123 2989 277 3063 malium
297 3005 382 3065 ortu
401 3015 510 3090 supra
538 2987 740 3063 retulimus.
791 2992 911 3087 Atque
933 2987 1022 3058 haec
1040 2987 1116 3084 ipsa
1138 3009 1200 3059 re·

124 3109 275 3208 gionum
303 3111 426 3186 divisio
449 3113 604 3184 concinit
626 3134 712 3182 cnm
732 3107 871 3184 diversa
892 3109 988 3180 uteri
1011 3107 1201 3206 temperie,

123 3259 198 3334 qua
218 3259 318 3306 nunc
340 3257 470 3323 mares,
491 3257 592 3306 nunc
611 3231 762 3304 feminas
783 3227 879 3325 gigni
899 3226 1039 3318 statuit,
1061 3225 1115 3300 his
1135 3226 1199 3298 fri·

160 3433 237 3498 (asp)
253 3430 292 3482 Cf.
308 3445 387 3498 supra
402 3446 429 3498 p.
445 3431 502 3491 dle.

156 3521 232 3588 (230)
248 3520 377 3571 Plutarch.
393 3519 459 3571 Plac.
475 3519 537 3588 phil.
555 3521 585 3580 V,
606 3535 627 3578 7.

158 3612 234 3678 (aar)
252 3609 307 3661 Vid.
335 3609 437 3660 tristor.
451 3608 485 3659 de
501 3608 598 3660 Partib.
616 3605 699 3658 Anim.
715 3607 756 3666 11,
775 3620 804 3660 s,
822 3620 847 3671 p.
865 3601 960 3665 7461),
978 3601 1023 3670 qui
1041 3597 1198 3668 Empedoclis

126 3700 278 3755 sententiam
295 3698 440 3750 Parmenidi
458 3699 602 3766 oppositam
617 3695 689 3746 dicit.
714 3693 746 3744 cl.
765 3689 909 3744 Parmenid.
925 3689 989 3742 neit
1009 3705 1034 3757 p.
1053 3687 1108 3740 ado.

159 3790 233 3856 (ada)
250 3787 333 3840 Possit
359 3787 417 3856 quis
447 3787 583 3855 suspicari,
607 3782 782 3836 narrationem
808 3781 885 3834 istam
910 3778 1011 3832 duxisse
1038 3794 1053 3830 e
1079 3791 1198 3847 perversa

126 3881 237 3934 lectione
252 3876 370 3930 versiculi
386 3873 453 3926 illius
470 3875 553 3941 (adst

264 3971 293 4021 la
311 3971 363 4036 yslo
383 3969 543 4037 θερμοτέρῳ
557 3967 589 4018 τὸ
607 3961 669 4016 κατ’
684 3963 786 4032 ddisse
802 3963 903 4017 ἔπλετο
920 3957 1051 4029 γαστρός,

129 4061 175 4116 ubi
195 4079 244 4132 pro
265 4062 381 4131 γαστρὸς
397 4059 473 4126 vulgo
490 4058 625 4126 legebatur
648 4061 748 4124 γαίης,
768 4051 968 4126 quodcorraxi.

176 4155 240 4228 III.
755 4193 759 4202 -
1010 4140 1056 4212 30
