2968 4838
248 375 253 384 ’
283 387 346 447 504
677 399 724 444 oe
744 371 965 444 nuraoocms

284 563 354 636 Hos
385 561 579 662 intelligere
615 561 757 636 videtur
789 559 916 658 partim
949 583 1038 658 quos
1073 557 1202 655 vulgus
1225 557 1359 630 nolebat

283 685 384 768 deos,
413 685 537 782 partim
562 708 652 782 quos
674 685 748 780 ipse
771 683 874 754 finxit
890 681 1029 780 genios,
1059 675 1167 750 rebus
1189 676 1358 752 humanis

283 803 506 879 moderandis
529 806 756 902 praepositos.
1174 887 1178 895 ⁸

331 925 424 998 Talis
446 951 530 1000 vero
551 925 686 1023 opinio,
707 951 727 995 a
748 921 954 1020 vulgaribus
973 925 1161 1020 poetarum
1178 947 1358 994 commen-

282 1050 325 1118 tis
353 1073 426 1120 non
457 1046 616 1120 multum
645 1043 799 1126 distans,
830 1041 1000 1116 humilior
1021 1067 1106 1114 sane
1128 1041 1298 1116 videatur
1320 1069 1358 1115 ac

158 1235 167 1250 ,
280 1167 484 1272 philosopho
499 1191 628 1266 parum
644 1165 761 1263 digna.
813 1163 905 1239 Nam
924 1164 952 1236 si
968 1162 1088 1239 divina
1109 1176 1241 1236 natura
1259 1189 1358 1236 mor·

281 1289 341 1362 tali
360 1291 457 1362 saeoe
478 1301 639 1362 concreta
660 1287 723 1378 sit,
746 1287 818 1384 ipsa
842 1309 989 1385 quoque
1010 1285 1214 1358 mortalium
1234 1311 1357 1360 rerum

281 1407 512 1484 vicissitudini
543 1422 579 1482 et
602 1409 682 1480 fatis
702 1405 851 1482 obnoxia
873 1407 919 1478 sit
943 1431 1084 1480 necesse
1106 1421 1177 1499 est,
1197 1407 1298 1507 quod
1319 1409 1356 1482 in

279 1523 374 1605 illius
405 1530 579 1602 sententia
603 1527 785 1625 vituperat
808 1528 929 1600 Cicero
955 1525 1074 1600 dicens
1089 1535 1120 1596 ⁵:
1148 1527 1357 1626 »Empedo-

278 1652 349 1725 cles
371 1651 409 1720 in
432 1649 589 1720 Deorum
610 1650 776 1747 opinione
804 1648 1007 1746 turpissime
1031 1646 1180 1722 labitur:
1199 1662 1357 1748 quatuor

279 1772 376 1844 enim
406 1782 572 1860 naturas,
612 1793 658 1842 ex
684 1769 819 1868 quibus
842 1770 961 1842 omnia
984 1783 1143 1841 constare
1170 1768 1269 1861 vult,
1298 1769 1355 1842 di·

279 1893 378 1966 vinas
406 1914 480 1962 esse
506 1904 645 1982 censet,
667 1917 758 1990 quas
779 1906 817 1964 et
837 1893 932 1962 nasci
953 1904 989 1963 et
1011 1889 1190 1988 exstingui
1215 1891 1354 1988 perspi·
1400 1986 1402 1994 Ι

278 2015 390 2087 ouum
430 2024 485 2084 est
517 2025 554 2084 et
592 2037 699 2085 sensu
732 2013 830 2084 omni
859 2007 1014 2088 carere.”
1063 2010 1138 2101 Qui
1165 2023 1289 2082 autem
1307 2011 1354 2084 sic

279 2145 427 2224 statuat,
456 2134 521 2204 etsi
544 2131 653 2207 verbo
680 2133 797 2205 Deum
825 2131 1022 2233 relinquat,
1048 2155 1170 2204 nonne
1190 2130 1272 2228 jure
1300 2145 1352 2204 ta-

273 2279 362 2332 men
399 2250 492 2334 illaec
518 2251 724 2346 habendus,
741 2256 846 2326 siout
876 2251 1106 2350 Empedocles
1128 2279 1148 2324 a
1174 2251 1354 2327 nonnullis

278 2375 425 2479 habitos
444 2373 520 2450 esti
535 2375 552 2419 ⁶

327 2503 374 2574 At
395 2513 531 2601 quanto
552 2497 606 2574 hie
626 2499 856 2598 praeclariora
878 2516 982 2592 sunt,
1004 2526 1098 2600 quae
1115 2502 1190 2600 ipse
1211 2501 1251 2572 in
1277 2525 1352 2572 oar·

278 2621 440 2696 mine'de
459 2633 580 2694 mente
598 2619 720 2696 divina
741 2622 933 2718 praedicat,
956 2621 1091 2696 dioens:
1115 2623 1259 2696 »Deum
1280 2645 1351 2694 non

276 2769 367 2836 esse,
397 2758 441 2816 ut
468 2741 600 2842 vulgus
635 2744 824 2841 opinatur,
857 2745 994 2819 mortali
1025 2771 1194 2846 compage
1228 2744 1352 2820 oondi·

277 2879 378 2956 tum,
419 2889 539 2964 neque
580 2863 689 2938 oculis
726 2863 936 2941 manibusve
969 2893 1068 2966 posse
1107 2869 1253 2966 attingi,
1294 2865 1351 2940 sed

277 2999 436 3058 mentem
470 3011 546 3060 esse
577 3011 705 3084 puram
733 3001 770 3061 et
795 2988 990 3081 infinitam,
1019 2990 1230 3066 universum
1248 2987 1351 3062 oeleri

275 3107 481 3208 eogitatione
505 3107 771 3207 permeantem”
791 3114 823 3179 ⁷.
875 3108 969 3184 Haec
998 3137 1083 3186 cum
1111 3109 1351 3209 superioribus

306 3263 347 3332 (5)
365 3265 455 3316 Cicero
474 3263 508 3315 de
525 3266 584 3318 Nat
602 3265 631 3315 D.
651 3267 678 3326 l,
702 3281 738 3316 ra.

307 3352 349 3418 (6)
365 3353 458 3406 Sextus
484 3354 556 3422 Emp.
580 3353 639 3404 adv.
666 3355 745 3406 Malla.
765 3358 819 3418 lx,
841 3357 890 3419 ot,
916 3361 1097 3429 Empedoclem
1118 3361 1192 3430 ponit
1214 3362 1239 3412 in
1264 3376 1350 3411 eorum

274 3458 384 3494 numero
401 3441 447 3513 qui
465 3445 535 3495 θεὸν
554 3443 752 3512 ἀπολείπουσι,
773 3447 788 3498 i.
801 3463 825 3498 e.
836 3447 919 3498 Deum
941 3467 995 3502 esse
1015 3451 1145 3514 tarentum
1162 3461 1254 3504 contra
1267 3452 1352 3505 ἄθεοι

274 3535 337 3586 dicit
354 3533 472 3584 Clemens
489 3535 620 3603 Protrept.
639 3551 663 3603 p.
682 3537 713 3596 la
734 3537 768 3598 C,
784 3535 843 3592 ubi,
864 3539 1010 3590 memoratis
1028 3541 1175 3604 Heraclito,
1189 3543 1349 3604 Parmenide‚

274 3623 342 3684 aliis.
368 3621 432 3674 haec
456 3622 518 3675 dicit
540 3623 573 3673 ele
596 3623 766 3693 empedocle:
791 3627 991 3698 Ἐμπεδοκλῆς
1012 3634 1065 3701 γὰρ
1085 3631 1099 3682 ὅ
1122 3631 1352 3701 Ἀκραγαντῖνος,

275 3715 317 3771 οἷς
343 3715 453 3784 πλῆθος
475 3714 572 3784 (θεὸν)
593 3718 735 3781 ἐμπεσὸν,
759 3721 826 3787 πρὸς
847 3731 905 3779 τοῖς
925 3726 1058 3794 τέτταρσι
1077 3731 1225 3794 στοιχείοις
1248 3726 1352 3782 τούτοις

275 3808 305 3856 N
306 3816 378 3865 οἶτος
393 3809 439 3858 ταὶ
455 3808 556 3860 Φιλιίοο
571 3813 802 3880 καταριθμεῖται·
816 3813 900 3867 ἄθεοι
914 3815 963 3878 μὲν
979 3819 1015 3885 δὴ
1032 3819 1079 3870 nul
1093 3807 1184 3880 οὗτοι,
1201 3823 1283 3886 σοφίᾳ
1297 3821 1348 3868 rael

274 3900 363 3968 ἀσόφφ
387 3905 438 3967 τὴο
462 3902 531 3968 ὕλην
555 3909 802 3971 προσκυνήσαντος.
838 3907 875 3978 Cf.
899 3909 1032 3978 theophil.
1055 3909 1170 3962 Antioch.
1188 3909 1222 3962 ad
1239 3909 1347 3975 AnlolJc.

274 4007 296 4057 p.
319 3991 371 4042 118.
390 3991 479 4042 Golon.

309 4079 348 4144 (7)
367 4081 471 4147 limped.
491 4099 537 4134 τοο.
557 4083 675 4136 350·363.
