3016 4840
547 402 582 450 rs
607 403 855 452 manoncour.
1172 393 1236 460 303

164 568 196 626 in
216 565 390 628 nominibus
410 571 538 652 propriis
550 571 661 651 'Auem
674 583 705 635 et
720 581 896 650 naucum,
910 591 966 635 uss.
979 573 1055 653 433,
1071 573 1147 655 4³55
1161 576 1233 640 item

163 675 197 734 iu
216 676 312 751 ἥλιος,
340 693 381 734 rs.
404 673 476 752 187,
496 673 549 736 ubi
570 677 608 737 cs.
631 688 736 739 annot.
752 711 794 726 ·-
812 679 904 740 Porro
923 691 1135 762 argumentum
1153 677 1234 743 illius

165 778 327 840 sententiae
353 779 549 857 conueniens,
573 791 608 841 ut
627 801 700 844 mox
721 781 890 845 ostendam.
928 785 977 845 llis
997 783 1055 846 ulia
1075 785 1234 850 accedunt.

163 881 376 966 l'mpedoclem
385 883 472 946 tacite
481 883 691 956 hicaPlatone
700 887 872 970 significari,
882 887 931 949 rel
940 887 1008 949 ideo
1017 884 1173 971 probabile
1181 906 1234 968 est,

163 985 246 1071 quod
259 987 311 1050 ille
325 989 462 1072 Gorgiae,
476 992 529 1074 qui
538 989 610 1051 lunio
623 990 744 1075 dialogo
753 993 903 1068 intererat,
917 993 1055 1075 magister
1063 993 1130 1090 suit,
1144 1007 1234 1079 atque

164 1092 238 1154 adeo
266 1093 347 1154 illius
375 1096 494 1179 argutiis
519 1097 677 1160 irridendis
703 1097 793 1159 simul
815 1100 877 1182 ipse
898 1099 1018 1181 Gorgias
1038 1098 1145 1161 leniter
1164 1121 1234 1184 per-

163 1197 364 1280 stingebatur,
392 1212 427 1262 ut
451 1211 532 1265 recta
558 1203 766 1269 animadvertit
785 1203 967 1266 dtsllbuum..
1010 1181 1162 1267 Praeterea
1190 1209 1234 1267 uti

162 1299 223 1362 boo
247 1301 334 1380 loco,
359 1305 402 1366 sic
429 1316 459 1368 et
486 1307 558 1368 alibi
583 1309 748 1370 Heraclitus
774 1321 805 1370 et
826 1309 1021 1393 Empedocles
1045 1311 1234 1393 conjunctim

163 1420 382 1491 memorantur,
411 1422 447 1471 ut
473 1412 565 1496 Soph.
592 1436 623 1497 p.
650 1415 711 1476 242
738 1416 781 1493 l),
809 1414 862 1475 ubi
883 1415 974 1476 dicit:
1003 1415 1119 1492 ’Illae
1136 1420 1168 1482 da
1187 1423 1236 1483 nat

163 1526 368 1583 arscessat
388 1523 596 1602 ressedentes
616 1529 754 1589 Μοῦσαι
774 1524 979 1602 terdonam
1000 1525 1045 1587 dra
1063 1527 1235 1601 συμπλέκειν

161 1624 375 1706 Quorum
400 1629 565 1709 apoteca.
594 1637 644 1696 eat
666 1631 780 1712 tdysrs,
806 1635 843 1705 ale
861 1632 947 1696 ol'ls
967 1637 1068 1696 sam
1082 1652 1122 1696 os
1140 1627 1236 1696 selis

161 1733 238 1795 tero
259 1745 329 1798 art.
351 1731 405 1794 llic
425 1733 515 1810 'mse
533 1743 644 1802 Malim
657 1733 854 1809 Heraclitum,
867 1741 1015 1802 sesanna
1027 1733 1236 1815 Empedoclem
1285 1797 1289 1814 ,

163 1834 345 1918 significant.
385 1839 519 1924 Denique
538 1863 603 1902 nou
625 1851 667 1902 est
687 1839 775 1902 nihili
795 1841 932 1923 putanda
944 1851 1077 1902 veterum
1090 1841 1237 1923 interpre-

163 1949 242 2016 tum,
274 1941 483 2026 Olympiodori
510 1955 540 2005 et
569 1944 766 2020 Scholiastae‚
797 1946 972 2020 auctoritas,
1002 1945 1054 2029 qui
1079 1946 1102 2006 ei
1129 1967 1183 2027 per
1207 1967 1236 2006 se

162 2064 270 2126 parum
298 2045 462 2130 locupletes
490 2059 625 2109 auctores
654 2047 787 2109 habendi
814 2059 898 2125 sunt,
923 2059 954 2108 at
979 2047 1064 2109 haud
1086 2047 1175 2110 dubie
1196 2049 1236 2111 ab

162 2149 379 2233 antiquioribus
399 2151 477 2212 illud
496 2151 672 2212 hauserunt.
1249 2213 1251 2220 .

202 2253 291 2331 Quod
317 2254 356 2315 ad
383 2256 561 2316 sententiam
584 2255 704 2332 attinet,
734 2255 787 2316 etsi
807 2251 929 2316 difficile
950 2265 994 2315 est
1013 2255 1111 2316 stricte
1131 2256 1237 2319 distin-

161 2378 268 2441 guare,
289 2381 438 2443 quaenam
458 2361 550 2444 ipsius
565 2359 626 2420 sint
638 2357 843 2442 Empedoclis,
863 2379 940 2442 quae
953 2381 971 2420 a
983 2357 1106 2420 Platone
1118 2360 1235 2438 addita,

161 2463 224 2524 sine
254 2462 347 2525 dubio
372 2475 474 2527 tamen
499 2463 590 2526 verba
615 2469 737 2545 ἀμύητοι
757 2475 787 2524 et
806 2471 883 2542 ultae
902 2471 1071 2544 emmim
1091 2463 1130 2524 ad
1150 2466 1237 2527 Sicu·

161 2567 227 2628 lum
254 2570 419 2652 sapientem
447 2568 613 2632 reserenda.
654 2567 810 2631 Probabile
831 2569 907 2630 milri
926 2569 1062 2646 sitleam,
1087 2570 1237 2652 Empedo-

161 2672 256 2752 clem,
288 2685 324 2736 ut
355 2676 526 2758 religiosum
559 2673 714 2736 hominem
747 2685 778 2735 et
810 2675 1022 2759 mysteriorum
1054 2685 1236 2756 patronum,

160 2784 301 2860 ὶμυήτους
321 2801 437 2842 vocasse
457 2779 610 2841 dementes
631 2787 661 2840 et
682 2780 821 2857 miseros,
850 2799 979 2864 eosque,
1008 2789 1043 2839 ut
1061 2789 1106 2839 est
1125 2777 1157 2838 in
1177 2779 1237 2841 lla·

160 2885 287 2946 naidum
306 2885 429 2962 labda,
451 2883 574 2946 finxisse
592 2885 674 2947 velut
693 2905 803 2968 aquam
819 2883 980 2946 fundentes
996 2883 1029 2943 in
1044 2883 1155 2944 dolium
1167 2905 1237 2964 per-

157 2991 373 3072 smltttttffllcv
393 2997 587 3072 mmm),
607 2989 691 3074 quod
711 2987 918 3050 insatiabilem.
930 2987 1095 3051 libidinum
1107 2987 1238 3071 cupitli-

160 3107 252 3162 tetetu
279 3096 439 3180 significat.
482 3098 559 3156 llaec
587 3093 671 3155 fictio
696 3093 736 3156 ab
762 3093 884 3174 ingenio
908 3092 1014 3174 politae
1040 3091 1150 3175 (qualis
1179 3093 1237 3154 fuit

159 3201 366 3286 Empedocles)
383 3221 386 3227 ’
405 3200 522 3263 fabulas
563 3199 720 3281 allegorice
750 3197 972 3279 interpretantis
1004 3195 1088 3260 haud
1120 3195 1236 3275 aliena3

159 3326 259 3390 neque
279 3327 346 3368 vero
365 3317 529 3368 eretcrum
542 3303 659 3388 judicio
679 3301 818 3363 abhorret
837 3323 854 3362 a
874 3299 994 3362 fabulae
1013 3323 1112 3363 sensu.
1147 3302 1236 3364 simi-

159 3410 226 3471 llter
241 3405 287 3471 'in
315 3407 424 3471 celebri
449 3409 611 3493 Polygnoti
639 3407 756 3489 pictura
783 3417 903 3489 proetus
927 3405 1035 3468 multa„
1052 3405 1111 3471 alia
1135 3408 1234 3490 pictae

159 3525 246 3578 mant
263 3516 340 3577 duae
358 3515 510 3591 mulieres,
530 3518 662 3596 ‹pdprooau
681 3518 748 3590 ideo
761 3519 790 3580 ds
803 3517 974 3594 assurim
985 3517 1148 3594 ὄπ’ρίκικ,
1166 3514 1236 3594 qui·

158 3619 216 3682 bus
229 3619 332 3683 addita
343 3631 408 3683 erat
421 3621 591 3703 inscriptio,
604 3622 674 3687 elsae
686 3623 763 3699 νΦῦς
777 3631 831 3686 rtis
840 3624 871 3685 οὗ
880 3619 1060 3701 provendam
1069 3623 1232 3700 (lystros).

159 3727 285 3788 Pausau.
306 3728 339 3789 I..
361 3729 403 3804 X,
424 3749 451 3789 c.
473 3727 531 3801 31,
552 3749 575 3788 s.
598 3725 628 3788 2.
652 3726 691 3786 cf.
709 3726 841 3787 Greuzer.
856 3723 993 3808 symbol.
1008 3727 1039 3787 Τ.
1053 3726 1112 3801 lll,
1126 3744 1158 3805 p.
1173 3721 1229 3784 481

158 3828 209 3890 ed.
223 3849 282 3893 sec.
323 3833 460 3894 Ceterum
479 3851 571 3915 wem
584 3832 690 3891 misera
703 3829 863 3892 baberetur
875 3832 911 3892 in
920 3830 1025 3894 inseris
1032 3838 1091 3896 etta
1103 3833 1233 3908 &patrm

159 3955 238 4012 sors,
252 3935 406 4000 declarent
418 3945 491 3998 nota
501 3936 633 4005 Platonis
643 3935 721 3997 dicta
735 3937 768 3997 iu
779 3935 931 3998 Phaedon.
943 3957 975 4018 p.
987 3933 1044 4014 693
1056 3933 1095 3996 cl.
1105 3933 1231 4017 llmped.

159 4059 200 4102 rs.
215 4039 275 4102 420
291 4063 334 4126 sq.
366 4043 444 4105 llaec
462 4043 530 4104 satis
548 4041 586 4103 ad
604 4041 792 4126 Empedoclis
809 4042 988 4139 senteutiam
1003 4039 1233 4115 illustrandam
