2958 4822
253 351 292 412 54
644 363 690 408 nn
713 361 930 410 nurnnocnrs

253 557 361 633 qnam
372 527 603 628 Theophrasti
619 527 807 601 auctoritas
824 525 928 598 facile
947 515 1096 600 rerincit
1111 535 1188 596 ¹⁵⁴.
1212 526 1318 618 Quod

210 679 215 690 ’
252 654 417 749 deinceps
448 648 609 722 additum
643 661 716 738 est,
746 647 849 722 illum
880 645 1056 744 posterius
1086 647 1320 749 Pythagoreos

252 773 389 866 adiisse,
419 796 503 845 cum
536 768 785 854 Alcidamantis
818 769 1018 840 narratione
1050 767 1226 862 concinit3
1252 771 1319 844 etsi

251 893 478 994 probabilius,
506 891 609 964 illum
630 893 700 990 jem
722 905 844 984 antea,
871 917 988 992 quum
1010 891 1150 991 juvenis
1172 893 1211 964 in
1235 891 1319 964 Sici·

249 1015 295 1088 lia
318 1015 475 1116 degeret,
489 1011 716 1112 Pythagorica
732 1011 857 1111 placita
875 1027 1041 1110 gustasse.
1076 1013 1234 1086 Fortasse
1253 1014 1318 1086 ista

250 1137 368 1235 opinio
398 1135 482 1210 inde
513 1147 608 1224 orta,
644 1132 759 1232 quod,
789 1149 833 1208 ut
861 1133 965 1208 modo
995 1132 1087 1226 dixi,
1122 1133 1320 1232 provectior

249 1273 362 1334 aetate
388 1257 544 1330 Thurios
572 1256 611 1328 in
638 1255 776 1330 Italiam
800 1259 845 1332 sit
872 1259 1071 1356 profectus,
1102 1281 1195 1357 quac
1222 1258 1320 1357 regio

246 1382 435 1477 praecipua
455 1376 529 1450 fuit
555 1376 804 1478 Pythagoricae
828 1379 1029 1478 disciplinae
1051 1379 1161 1454 sedes.

256 1513 259 1525 '
294 1501 376 1572 Jam
395 1500 500 1576 variis
523 1497 576 1570 his
596 1501 800 1573 testimoniis
821 1501 916 1574 inter
936 1525 973 1574 se
994 1499 1211 1600 ponderatis,
1237 1501 1320 1574 satis

245 1636 341 1695 certo
363 1633 518 1694 statuere
540 1619 636 1712 licet,
653 1619 904 1718 Empedoclem
922 1621 1102 1720 disciplina
1119 1647 1226 1694 usum
1243 1647 1319 1694 esse

245 1741 567 1833 Parmenidis,
598 1741 758 1816 eundem
780 1745 1092 1840 Anaxagorae
1118 1769 1192 1816 non
1212 1743 1319 1842 igna-

245 1891 329 1938 rum
352 1864 483 1956 fuisse,
504 1865 696 1962 praecipue
723 1889 807 1940 vero
824 1889 862 1937 se
880 1863 1088 1962 applicuisse
1101 1863 1146 1937 ad
1166 1863 1320 1965 Pytha·

244 2010 420 2085 goreos,
441 2011 599 2084 quorum
620 1983 791 2083 exemplis
815 1985 1021 2085 placitisque
1043 1986 1197 2058 maxime
1221 1984 1321 2060 vide-

137 2195 138 2199 ,
244 2123 305 2180 tur
326 2119 539 2196 commotus,
561 2104 658 2204 quod
676 2119 748 2178 tarn
771 2105 988 2205 philosophia
1004 2104 1082 2204 ejus
1098 2133 1208 2206 quem
1228 2108 1320 2182 vitae

243 2252 460 2326 morumque
481 2225 612 2325 effigies
635 2225 862 2301 demonstrat.

292 2347 467 2439 Quamvis
479 2359 601 2420 autem
619 2345 751 2420 horum
768 2349 962 2446 praeceptis
972 2345 1180 2450 placitisque
1190 2349 1321 2424 tinctus

245 2483 351 2561 esset,
374 2493 448 2540 non
470 2481 591 2542 tamen
613 2468 641 2540 is
662 2468 733 2541 fuit
754 2466 1005 2566 Empedocles,
1027 2472 1093 2570 qui
1119 2486 1231 2546 sectae
1258 2471 1322 2546 ali·

244 2593 303 2665 cui
343 2616 380 2663 se
419 2587 596 2662 addiceret
641 2604 704 2662 aut
737 2615 783 2663 ex
829 2589 943 2664 aliena
976 2590 1134 2668 doctrina
1173 2608 1322 2692 saperet.

243 2711 458 2810 Sapientiam
487 2734 589 2785 suam
618 2736 664 2784 ex
697 2710 960 2810 augustioribus
994 2711 1113 2786 hausit
1144 2714 1319 2790 fontibus:

243 2833 403 2929 primum
423 2855 445 2903 e
464 2845 612 2926 natura,
630 2835 733 2928 cujus
751 2845 921 2906 strenuus
939 2835 1011 2908 fuit
1029 2848 1221 2930 scrutator,
1240 2853 1322 2912 tum

235 2976 290 3058 vex
319 2951 552 3054 antiquitate,
584 2950 688 3051 cujus
722 2952 826 3027 effata
856 2954 1009 3030 studiose
1030 2956 1224 3032 sciscitatus
1244 2973 1319 3032 est:

243 3073 440 3146 Homerum
466 3072 653 3172 diligenter
679 3071 763 3173 legit
787 3081 825 3126 1⁵
832 3083 870 3168 ⁵3
895 3077 934 3147 in
955 3079 1129 3178 mysteriis
1150 3104 1222 3152 non
1245 3079 1319 3152 fuit

243 3192 368 3290 hospes
387 3195 465 3288 ¹⁵⁶3
482 3195 646 3269 omnium
665 3219 748 3267 vero
768 3197 922 3270 maxime
944 3223 965 3270 e
987 3198 1112 3273 ditiore
1134 3198 1192 3272 illa
1215 3225 1319 3274 men-

277 3418 347 3487 (rhd)
365 3420 460 3472 Omitto
472 3420 542 3490 quod
555 3420 683 3472 Diodorus
694 3421 818 3491 Ephesius
830 3422 948 3492 scripsit,
963 3442 1023 3477 eum
1035 3428 1216 3484 Anaximandri
1228 3449 1317 3484 aemu-

245 3515 300 3566 lum
310 3513 394 3566 luisse.
428 3509 493 3562 Nam
507 3511 577 3564 istud
593 3515 772 3582 ἐζηλωκέναι,
790 3515 930 3579 mentori,
948 3525 1035 3585 potest
1050 3529 1168 3589 spectme
1179 3523 1212 3576 sd
1224 3523 1318 3576 Anaxi·

247 3603 347 3655 mandri
359 3602 506 3672 exemplum
523 3611 550 3656 et
561 3605 630 3658 vitae
646 3609 773 3660 radonem
780 3629 787 3672 ;
803 3607 917 3680 alioquin
931 3625 1037 3678 prorsus
1048 3619 1205 3680 repugnaret
1217 3619 1317 3681 tempo·

246 3692 326 3745 ribus
360 3691 437 3758 Astigi
449 3689 499 3744 hoc
510 3685 701 3749 inharmonide
712 3713 739 3766 p.
754 3712 769 3760 7
783 3715 821 3768 sq.
832 3705 860 3750 et
873 3698 934 3752 idn
947 3715 973 3768 p.
984 3700 1042 3763 276.
1290 3684 1292 3688 ¹

278 3780 351 3865 (155)
369 3780 513 3834 Ostendant
528 3780 579 3836 hoc
594 3784 675 3854 ipsius
690 3788 804 3840 carmina
820 3795 848 3840 et
863 3787 958 3851 dictio,
974 3789 1065 3842 melius
1083 3807 1162 3862 wem
1176 3793 1318 3846 Heraclidis

248 3870 435 3932 testimonium,
454 3871 499 3942 qoi
513 3872 594 3926 multa
603 3873 671 3928 illios
682 3875 777 3944 placita
787 3876 926 3952 allegorici
934 3879 1148 3950 interpretatione
1159 3883 1194 3936 ah
1204 3885 1318 3938 Homero
1395 3931 1397 3934 .

248 3962 357 4028 repetit,
370 3961 398 4012 in
415 3962 483 4014 Galei
500 3964 592 4032 0pusc.
606 3965 713 4032 Mythol.
730 3984 756 4035 p.
771 3963 836 4028 443,
853 3967 916 4032 475,
930 3969 987 4038 494.

279 4048 351 4116 (156)
370 4049 443 4109 Quod
461 4051 541 4104 efficio
560 4069 612 4106 oon
633 4063 719 4110 teme
737 4057 837 4123 syriani
853 4060 1016 4121 testimonio,
1036 4059 1107 4112 illum
1126 4070 1152 4114 ct
1167 4061 1317 4129 Pythagori-
