2950 4822
572 347 746 400 citum.
1217 336 1278 400 103

28 581 34 600 ,
75 513 812 618 125.si‹ssttin··praaoedenuhustormt
837 515 1007 592 dandum
1032 516 1159 592 fuerit:

148 638 255 714 solem
279 637 405 714 album
428 637 597 738 adspectu
622 649 660 710 et
683 637 782 711 omui
805 663 852 714 ex
876 652 976 738 parte
1000 637 1174 733 calidum,

147 775 182 836 et
199 759 360 834 coelestia
377 773 468 861 quot
480 772 687 860 sequuntur
702 771 740 834 et
752 755 921 836 candenti
929 759 1057 862 jubare
1068 762 1272 862 irrigantur,

148 895 228 955 tum
249 879 401 956 imbrem
421 883 566 980 penitus
585 879 780 958 ohscumm
799 907 841 958 ac
863 881 1053 982 frigidum,

147 1141 284 1203 eterra
308 1142 431 1202 autem
457 1127 644 1227 profluunt
666 1129 773 1227 spissa
799 1153 967 1230 quaeque
994 1141 1031 1201 et
1056 1127 1175 1204 densa.

76 1249 135 1325 130.
147 1250 214 1326 Per
236 1249 336 1324 litem
359 1263 483 1324 autem
505 1248 682 1323 difformis
705 1263 742 1322 et
763 1249 875 1327 divisa
897 1249 1058 1326 evadunt
1079 1249 1217 1344 omnia,

146 1377 276 1446 coeunt
299 1395 386 1446 vero
400 1349 472 1469 ‘per
499 1371 689 1444 amicitiam
711 1383 807 1443 etse
829 1371 985 1444 invicem
1010 1385 1191 1471 exoptant.

147 1491 411 1567 Exiilisnmnia
422 1491 757 1593 quae-iuere‚quae
770 1505 867 1585 sunt,
878 1491 1145 1594 qttaequeclim
1157 1507 1278 1587 erunt,

149 1628 185 1688 et
206 1612 350 1688 arbores
372 1613 555 1712 pullulant
580 1627 616 1687 et
641 1615 709 1689 viri
732 1615 985 1715 feminaeque,

149 1735 319 1834 feraeque
343 1747 381 1806 et
405 1733 567 1808 volucres
592 1751 627 1810 et
651 1762 742 1836 quos
766 1761 901 1837 aequor
925 1734 988 1808 alit
1011 1738 1139 1836 pisces,

77 1855 137 1930 135.
149 1855 277 1956 iiiique
298 1852 386 1930 adeo
410 1853 587 1953 longaevi,
615 1855 750 1932 honore
771 1857 1035 1956 praecellentes.

148 1977 223 2076 ipsa
249 1977 349 2052 enim
375 1991 463 2050 sunt
487 1977 563 2072 ilia,
591 1981 824 2054 commeantia
850 1993 973 2053 autem
996 1979 1094 2054 inter
1118 2005 1156 2054 se

151 2101 348 2174 variantur:
371 2113 500 2174 mutua
521 2101 620 2174 enim
640 2101 822 2178 conversio
841 2127 882 2174 ea
903 2100 999 2174 ultro
1016 2101 1176 2202 citroque
1193 2101 1277 2200 egit.

152 2587 314 2662 Vicissim
338 2603 460 2662 autem
484 2603 652 2688 regnant,
677 2587 842 2666 volvente
864 2587 1032 2686 tempatis
1046 2583 1156 2678 eabe,
1241 2653 1243 2660 .

150 2723 183 2782 et
197 2725 419 2786 evanescunt
437 2711 475 2784 in
495 2737 533 2785 se
552 2711 708 2787 invicem
728 2723 764 2782 et
783 2711 988 2785 increscunt
1006 2708 1111 2783 certis
1126 2703 1283 2784 uicibus:
1378 2729 1381 2734 ·

78 2833 140 2922 140.
150 2831 220 2930 ipsa
242 2832 342 2904 enim
364 2857 405 2905 ea
423 2849 531 2924 sunt,
555 2833 791 2906 commeantia
810 2833 1051 2916 autem-iuter
1072 2856 1109 2904 se

152 2955 242 3028 fiunt
263 2954 427 3030 homiues
451 2969 488 3030 et
509 2955 815 3054 aliarumgenera
839 2955 1085 3046 animantum,

152 3073 252 3148 modo
273 3101 340 3173 per
361 3079 550 3152 amicitiam
575 3079 611 3150 in
635 3103 755 3152 unum
776 3076 938 3151 ordinem
957 3075 1146 3166 metantis,

152 3195 251 3271 modo
276 3223 404 3272 rursus
426 3200 591 3274 distrama
613 3197 752 3297 singula
765 3198 843 3274 *titis
863 3197 1110 3289 cantaminum

151 3318 263 3392 donec
285 3317 511 3394 cdalescentia
534 3323 747 3396 universum
766 3321 833 3394 hoc
856 3317 983 3394 subtus
1004 3319 1096 3392 facta
1115 3319 1195 3391 sint.

79 3437 216 3540 145.(lta
237 3456 421 3542 quatenus
447 3468 566 3516 unum
588 3468 608 3516 e
631 3440 798 3542 pluribus
817 3443 987 3518 exsistere
1005 3441 1110 3534 solet,

19 3613 21 3630 s
153 3587 350 3662 rursusque
373 3591 447 3638 uno
471 3563 620 3640 discreto
643 3563 747 3663 pium
766 3563 1057 3656 indeminutae,

19 3683 20 3692 a
551 3691 790 3738 ὲ

76 3782 144 3836 πάνθ’
165 3813 200 3826 -
223 3787 420 3854 δολιχαίωνες,
444 3784 549 3837 Aristot.
573 3785 689 3855 Metaph.
710 3788 751 3848 11.
773 3787 798 3850 4.
822 3805 848 3857 p.
870 3786 919 3839 662
940 3785 970 3838 D.
1005 3784 1060 3836 Vae.
1085 3781 1194 3845 ita-134
1216 3785 1283 3838 idem

19 3903 20 3920 s
76 3871 204 3928 tenendo
225 3895 249 3928 e.
269 3877 295 3928 6.
317 3893 344 3945 p.
365 3876 461 3940 474&

99 3965 145 4018 Va.
168 3967 290 4035 ¹³⁸·1492
310 3970 339 4020 ἓν
352 3967 384 4020 δὲ
396 3971 474 4040 μέρει
484 3997 519 4009 -
532 3973 602 4022 κατὰ
615 3969 735 4048 statar.)
769 3964 913 4042 Simplicius
926 3966 1003 4036 mys.
1017 3969 1045 4031 1,
1059 3964 1075 4018 f.
1089 3967 1104 4018 Β
1118 3968 1145 4020 Α.
1157 3965 1190 4018 cf.
1202 3981 1280 4036 supra

76 4069 110 4106 ua.
128 4055 168 4108 ns
187 4075 225 4129 aq.
248 4067 276 4112 ct
294 4061 327 4126 92
348 4075 404 4130 sqq.
