3016 4840
621 445 859 494 rurnosornrs.
1215 434 1278 496 357

202 633 275 681 ora.
302 605 473 699 Quocirca
489 604 553 679 etsi
571 608 860 710 unumquodque
878 609 1007 682 horum
1025 609 1142 708 ipsum
1159 623 1222 710 per
1241 635 1279 684 se

201 728 364 802 honum
390 740 425 799 et
449 727 615 802 malum
640 731 756 802 stricte
777 730 946 829 appellari
969 756 1042 804 non
1066 745 1193 829 potest,
1221 745 1278 804 ta·-

202 877 287 924 men
322 849 350 920 si
380 845 483 920 ambo
518 850 612 924 inter
642 877 680 924 se
704 865 973 950 comparentur,
998 851 1152 924 alterum
1176 851 1278 944 boni,

202 969 357 1043 alterum
378 968 459 1042 mali
480 969 698 1072 principium
716 1000 789 1046 non
810 975 986 1048 immerito
1005 972 1189 1046 habeatur.
1221 974 1279 1046 Sic

202 1092 457 1189 interpretatur
486 1090 595 1165 etiam
617 1091 846 1186 Plutarchus,
878 1093 1013 1168 dicens:
1055 1092 1279 1189 Ἐμπεδοκλῆς

205 1209 242 1288 tt
279 1214 334 1302 τὴν
364 1215 424 1307 μὲν
454 1211 722 1314 σἰγαθοῦργον
750 1215 859 1315 ἀρχὴν
882 1215 1047 1304 Φολότορτα
1070 1219 1125 1290 κα)
1150 1219 1279 1310 Φιλίαν,

204 1331 368 1415 πολλάκις
390 1333 425 1410 δὲ
444 1339 614 1434 Ἁρμονίαν
629 1342 735 1413 ’καλεῖ
752 1336 938 1436 θεμερῶπιν,
956 1338 1011 1427 τὴν
1031 1335 1069 1414 dt
1093 1340 1171 1438 χεό
1181 1365 1279 1435 ρονα

204 1461 320 1536 Νεῖαοο
343 1459 509 1553 οὐλόμενον
528 1462 585 1534 καὶ
601 1465 694 1559 Δῆρνν
714 1461 939 1556 αἱματόεσσαν
962 1467 1039 1534 1³⁹.
1090 1459 1197 1532 Porro
1223 1461 1278 1532 uti

204 1577 450 1676 Empedocles,
479 1581 782 1680 quemadmodum
806 1609 913 1680 supra
939 1579 1110 1672 vidimus,
1147 1605 1279 1678 corpus

203 1713 240 1770 et
266 1701 447 1790 animum,
468 1706 650 1777 materiem
675 1718 711 1777 et
735 1719 906 1795 mentem,
929 1702 974 1774 ad
997 1701 1121 1774 eadem
1142 1701 1280 1775 reducit

204 1817 395 1910 elementa,
432 1823 479 1894 sic
513 1849 659 1922 quoque
689 1837 762 1895 tam
791 1821 993 1894 animorum
1020 1849 1129 1922 quarn
1154 1847 1281 1920 corpo-

204 1964 288 2010 rum
329 1955 364 2013 et
403 1931 683 2040 pulcritudinem
720 1959 758 2018 et
794 1943 1055 2016 deformitatem
1092 1941 1136 2014 ad
1178 1940 1280 2014 ambo

203 2059 290 2133 haec
308 2063 479 2160 principia
503 2079 654 2138 revocat.
706 2063 867 2136 Amicitia
890 2077 942 2136 est
964 2065 1014 2136 illi
1035 2061 1226 2136 sanctitatis
1246 2075 1283 2134 et

203 2180 412 2268 honestatis,
450 2182 625 2255 Discordia
662 2185 848 2282 impietatis
888 2197 923 2256 et
953 2183 1106 2258 libidinis
1145 2195 1280 2255 auctor.

203 2299 266 2372 Illa
297 2315 369 2374 tam
396 2300 554 2376 homines
586 2303 680 2376 inter
713 2329 750 2376 se
778 2328 889 2401 quam
915 2303 1075 2376 homines
1100 2328 1184 2374 cum
1209 2301 1281 2374 Diis

113 2477 119 2484 .
202 2421 406 2520 conjungit,
440 2423 574 2494 animos
604 2423 841 2520 cupiditatum
868 2422 1029 2496 sordibus
1053 2435 1202 2521 purgat,
1236 2419 1281 2492 ad

203 2541 362 2616 coelestia
383 2545 502 2643 erigit;
524 2543 610 2614 haec
632 2543 791 2616 homines
809 2571 829 2615 a
851 2545 924 2616 Diis
946 2543 1092 2630 alienat,
1112 2541 1177 2614 sibi
1200 2567 1280 2615 mu·
1369 2579 1372 2586 ·

205 2676 268 2736 tuo
301 2663 447 2738 infestos
475 2661 608 2754 reddit,
640 2663 848 2761 cupiditates
874 2665 991 2738 omnia
1027 2664 1070 2738 ad
1102 2662 1281 2762 rapientes

203 2783 342 2873 incitat,
372 2783 415 2856 ad
443 2811 551 2884 prava
584 2786 730 2883 quaevis
754 2799 789 2858 et
814 2785 950 2883 abjecta
973 2785 1050 2858 dux
1075 2799 1138 2858 est.
1189 2779 1281 2858 Hinc

203 2903 301 3002 quod
324 2906 484 2976 Amicitia
506 2903 550 2976 ab
571 2904 784 3003 Empedocle
805 2920 952 2980 vocatur
974 2909 1124 3004 Ἃρμονόη
1146 2903 1283 3002 θεμερῶ-

203 3053 273 3117 πις,
294 3023 455 3124 ἧσνόφρων
474 3025 623 3117 Φιλότης,
644 3027 820 3100 Discordia
842 3053 927 3102 vero
945 3033 1039 3126 Δῆρνς
1058 3029 1281 3124 αἱματόεσσα,

205 3151 321 3229 Νεῖκος
347 3149 553 3245 μαινόμενον,
578 3146 763 3244 οὐλόμενον,
785 3148 904 3248 λυγρόν
922 3160 1006 3244 1⁴⁰3
1031 3176 1125 3248 quae
1150 3175 1281 3249 cogno·

205 3269 301 3342 mina
327 3275 518 3371 utriusque
545 3271 617 3340 vim
640 3269 736 3342 haud
761 3270 909 3344 obscure
927 3271 1133 3370 significant.

254 3517 310 3587 Ex
335 3515 376 3588 iis
395 3541 489 3616 quae
514 3519 743 3614 exposuimus
768 3517 996 3616 Empedoclei
1022 3517 1142 3615 placiti
1157 3541 1281 3588 sensus

206 3647 243 3706 et
270 3635 357 3708 ratio
378 3635 447 3734 jam
470 3636 597 3709 clarius
621 3635 721 3710 nobis
742 3636 886 3735 patebit.
939 3639 1074 3730 Sensit,
1097 3637 1135 3706 in
1158 3660 1281 3708 rerum

83 3763 85 3768 ’
206 3756 436 3830 universitate
459 3757 548 3832 duas
569 3759 666 3830 cerui
691 3760 781 3832 vires
804 3760 897 3832 iuter
918 3785 955 3830 se
975 3758 1164 3855 oppositas,
1186 3781 1279 3856 quac

205 3900 270 3972 per
300 3879 510 3954 universum
543 3878 723 3952 mundum
758 3879 986 3979 singulasque
1015 3877 1143 3952 mundi
1164 3891 1282 3976 partes

238 4045 312 4114 (139)
328 4047 459 4100 Plutarch.
470 4049 503 4101 de
516 4051 547 4102 Ιο.
559 4059 586 4102 ct
597 4050 659 4102 Osir.
671 4068 698 4119 p.
709 4049 885 4112 370.v01.vl1‚
899 4066 923 4118 p.
936 4047 991 4110 too.
1003 4049 1035 4100 tt.
1049 4047 1081 4098 cl.
1095 4046 1175 4100 Stura.
1189 4065 1214 4118 p.
1225 4047 1281 4102 233.

238 4135 312 4202 (ilo)
331 4135 387 4188 vid.
405 4137 564 4206 Empedoclis
583 4155 631 4191 ras.
650 4140 706 4190 citt.
725 4155 749 4207 p.
773 4138 829 4201 3t7,
849 4145 904 4190 not.
926 4155 978 4204 top
