3016 4840
527 419 564 468 ιιι
586 419 835 472 nurnoocrmn.
1158 409 1219 472 291

141 592 173 642 et
188 581 296 664 paullo
310 594 379 666 post
395 603 436 646 vs.
453 583 606 666 094-700,
619 589 758 667 Nuntius,
775 585 921 656 Bacchica
935 587 1018 671 orgia
1029 583 1217 666 demribens,
1351 555 1358 570 ,

139 697 244 747 narrat
262 707 293 748 se
314 687 437 768 vidisse,
458 701 492 752 ut
511 693 627 777 virgula
647 693 748 756 divini
767 691 937 777 prosilirent
953 697 1049 776 form
1069 713 1166 775 opace
1185 704 1216 756 et

138 793 210 851 nissi
228 801 258 852 et
277 793 362 855 luctis
381 807 410 858 et
429 799 535 860 mellis.
577 799 656 878 Quid
675 799 767 882 igitur
786 799 911 875 mirum,
932 797 956 858 si
974 797 1167 880 Empedocles
1180 797 1215 859 in

139 904 305 979 καθαρμοῖς,
326 897 385 962 hac
404 902 438 962 in
457 913 541 986 parte
556 903 701 965 llacchica
716 925 799 964 sacra
814 904 961 978 imitatus,
976 903 1087 985 pariter
1103 923 1217 986 aquae,

136 1003 218 1079 vini,
239 1005 355 1082 mellis,
376 1006 478 1084 lactis,
498 1007 619 1070 sortasse
639 1020 669 1069 et
689 1008 766 1083 olei,
788 1009 883 1068 fontes
904 1006 1096 1073 adhibuerit?
1123 1006 1222 1091 idque*

137 1129 174 1168 eo
202 1109 321 1171 facilius
349 1111 479 1190 creditu,
509 1112 592 1197 qnod
622 1111 801 1196 Pythagorei
829 1111 926 1173 multa
955 1107 1107 1174 bacchicis
1129 1111 1218 1172 saeris

135 1210 313 1274 habuerunt
330 1217 446 1278 similia.
468 1217 534 1278 vid.
557 1218 687 1280 Creuzer.
710 1216 816 1300 Symb·
830 1217 891 1292 lll,
907 1235 940 1298 p.
956 1214 1015 1278 169
1027 1237 1092 1300 sqq.
1132 1215 1216 1276 Fon·
1264 1284 1266 1293 Ι

136 1327 180 1378 tes
213 1329 314 1380 autem
344 1319 390 1380 illi
417 1319 571 1384 habebant
597 1341 738 1383 arcanam
767 1319 922 1404 quandam
942 1307 1215 1401 significationem

135 1423 233 1486 veluti
260 1447 338 1510 aqua
363 1427 504 1489 vitiorum
530 1428 743 1512 purgationem
764 1424 929 1509 significat,
949 1423 1032 1486 unde
1052 1425 1086 1485 in
1105 1421 1219 1485 lustra-

136 1527 272 1590 tionibus
299 1530 434 1594 adhiberi
459 1532 565 1602 solitar
594 1531 643 1593 lac
670 1543 701 1594 et
725 1531 787 1593 mel
806 1529 984 1613 frugalitatis
1004 1540 1034 1590 et
1053 1527 1219 1598 sanctitatie
1275 1603 1280 1612 Ι

136 1633 259 1716 signum
279 1635 400 1718 (creua,
412 1636 485 1697 ibid.
506 1639 558 1713 lv,
579 1657 611 1719 p.
632 1635 692 1698 365
713 1634 804 1720 sqq.);
826 1634 927 1696 oleum
945 1634 1106 1716 sapientiae
1123 1631 1218 1713 (Jam-

135 1737 231 1801 blich.
262 1739 644 1826 Protrept.'Symb.17.);
675 1742 781 1803 vinum
800 1735 992 1821 alemaniae
1009 1749 1040 1800 et
1060 1737 1218 1801 beatitatis.

135 1843 206 1904 Tale
226 1843 301 1928 quid
320 1845 535 1929 Empedoclem
554 1845 680 1910 valuisse
699 1837 833 1928 suspicor
838 1889 848 1922 ,
869 1867 965 1930 quum
981 1843 1072 1920 dicit,
1086 1845 1218 1924 quisque

137 1950 309 2030 esoestibsse
333 1949 522 2014 haurientem
551 1951 674 2032 purgari
702 1961 857 2032 oporteret
887 1961 922 2008 ut
950 1947 1139 2030 quincuplex
1165 1943 1219 2007 illa

136 2052 274 2114 lustratio
304 2055 470 2137 significet,
499 2055 635 2114 animum
662 2074 718 2136 per
745 2043 836 2114 sacra²
851 2051 904 2112 illa
922 2049 1065 2112 vitiorum
1084 2049 1220 2111 sordibus

136 2159 279 2220 ablutum
298 2155 458 2240 paullatim
479 2157 648 2233 emendari,
677 2157 873 2231 confirmari,
902 2153 942 2215 ad
963 2153 1101 2218 coelestia
1123 2153 1221 2226 eyehi.

136 2264 285 2324 Numerus
323 2262 479 2340 quinarios
517 2279 583 2318 non
619 2269 731 2320 temere
749 2257 881 2341 positus:
920 2257 963 2317 sio
992 2257 1221 2342 quinquennale

135 2367 194 2427 luit
214 2363 471 2449 Pythagoreorum
490 2362 659 2439 silentium,
678 2364 814 2447 quinque
830 2362 903 2423 item
915 2361 1006 2427 annis
1016 2361 1221 2430 consummari

137 2469 225 2532 solita
261 2469 481 2535 Eleusiniormn
519 2487 673 2530 sacrorum
700 2466 859 2532 institutio.
900 2463 969 2527 lid.
996 2462 1122 2526 Tertull.
1149 2465 1228 2536 adr.¹

137 2575 292 2636 Valentia.
312 2574 411 2659 princ.
433 2573 472 2636 cf.
492 2572 623 2634 Lobecl.
644 2571 794 2658 Aglaoph.
816 2593 850 2658 p.
862 2570 904 2635 aa
916 2591 982 2654 sqq.
1021 2569 1220 2631 nontamen

139 2683 274 2767 quinque
301 2680 372 2741 illae
395 2687 487 2761 κρῆναι
513 2679 605 2762 plane
629 2677 833 2761 respondeant
852 2677 987 2762 quinque
1007 2675 1219 2760 mysteriorum

139 2785 275 2870 partibus
295 2805 313 2847 a
333 2783 453 2846 Theone
476 2783 647 2867 descriptis,
671 2782 731 2845 hoc
752 2767 878 2866 quidem
894 2781 986 2843 valde
1004 2779 1220 2842 dubitandum.

179 2893 245 2952 Vsa.
267 2891 418 2954 lat-432.
460 2899 600 2973 oippsxe
615 2891 640 2956 δ’
653 2897 722 2960 dere
734 2923 777 2939 -
792 2899 874 2972 μένος
887 2883 1006 2972 dsipie)
1030 2883 1135 2950 Versus
1148 2885 1220 2966 bos,

141 3017 214 3082 quos
232 3019 249 3058 e
265 2997 373 3081 Satyro
383 2997 662 3081 prosertlliogencs,
682 2997 812 3058 Sturaiue
827 2998 906 3056 inter
919 3006 1086 3076 Καθαρμοὺς
1100 2993 1219 3077 posuit3

141 3103 216 3164 mihi
226 3105 327 3185 potins
337 3125 375 3162 ex
386 3104 531 3184 ’turpata
541 3103 674 3166 carmine
685 3101 813 3162 desumti
826 3101 976 3164 ridentur.
998 3101 1220 3183 Argumentum

141 3206 187 3268 his
206 3209 318 3289 optime
335 3209 491 3286 convenit,
510 3217 543 3268 ut
562 3227 651 3289 supra
667 3196 862 3268 animadaerti
881 3223 914 3287 p.
926 3203 983 3282 713
1001 3195 1052 3264 sed
1067 3212 1244 3285 praeterea·

141 3293 459 3387 animadvertendum,
479 3311 694 3395 Empedoclem
714 3309 760 3370 his
780 3307 910 3370 versibus
930 3307 1098 3372 aduertam
1116 3327 1220 3390 perso·

141 3437 214 3478 nam
229 3417 315 3502 loqui
333 3417 380 3500 (ut
392 3415 531 3479 indicant
542 3417 606 3493 illa,
621 3423 683 3484 ἐπεὶ
695 3423 784 3500 μούνῳ
797 3441 838 3484 σοι
850 3413 913 3496 -),
930 3413 1014 3500 quod
1028 3415 1129 3474 minus
1143 3433 1222 3474 con·
1351 3437 1353 3444 s

141 3525 223 3585 venit
236 3529 407 3602 Καθαρμιῖς,
424 3521 554 3606 quinon
569 3521 641 3583 certi
654 3521 782 3606 alicujus
793 3519 935 3595 hominis,
950 3517 1001 3580 sed
1018 3517 1149 3600 cujusvis
1166 3526 1220 3577 aut

73 3665 80 3678 ι
141 3629 307 3689 multorum
321 3629 387 3688 usui
401 3627 549 3689 destinati.
565 3625 604 3686 cl.
618 3636 723 3688 annot.
737 3625 776 3686 ed
789 3645 831 3686 rs.
846 3621 994 3686 anatot.
1023 3623 1100 3705 Ergo
1114 3619 1219 3681 autad

140 3733 339 3816 Rhysicorum
360 3743 412 3793 ant
432 3731 471 3792 ad
491 3731 672 3795 Medicorum
694 3715 815 3792 carmen
827 3727 975 3790 reserandi
989 3737 1072 3806 eunt,
1087 3708 1219 3810 quondm

140 3836 201 3899 boc
226 3837 301 3900 mihi
321 3837 506 3922 probabilius
525 3837 632 3899 risum.
674 3823 786 3899 Eodem
806 3845 939 3919 spectare
958 3843 1052 3918 puto,
1080 3827 1164 3914 quod
1183 3829 1218 3890 in

143 3942 245 4004 codice
265 3943 399 4026 quodam
418 3943 593 4020 lianitensi,
613 3962 674 4027 quo
694 3939 727 4002 hi
746 3959 845 4002 versus
866 3947 1035 4014 servantur,
1057 3933 1142 4019 (teste
1163 3936 1219 3997 lri·

145 4058 204 4110 arte
224 4048 355 4130 Catalog.
378 4071 410 4131 p.
431 4049 509 4123 450,
532 4049 582 4110 cit.
603 4049 697 4110 stura.
718 4045 842 4129 llmped,
857 4067 889 4127 p.
903 4043 969 4127 85.)
981 4043 1130 4127 adscripta
1142 4039 1219 4103 haec

1062 4145 1116 4208 19*
