3016 4840
239 417 304 480 308
635 430 682 478 ns
703 427 919 479 aursnoonrs

288 594 413 694 Magna
436 594 495 668 illa
519 609 557 671 et
579 607 766 695 pervagata
789 592 972 695 quaestio,
995 605 1122 668 utrum
1147 592 1187 665 in
1211 555 1315 668 natu·

237 741 298 791 rac
321 717 472 817 verique
494 715 717 815 indagatione
740 713 823 814 plus
846 715 891 788 sit
904 709 1087 788 'sensuum
1116 714 1314 789 testimonio

235 863 281 910 an
306 837 449 909 rationis
475 835 606 936 judicio
629 833 882 924 tribuendum,
907 833 979 934 jam
1002 833 1200 932 antiquitus
1223 831 1313 932 pbi-

234 957 455 1058 losophantes
479 956 581 1056 quasi
599 955 637 1027 in
660 953 750 1028 duas
768 953 885 1028 divisit
903 966 1031 1052 partes.
1080 953 1311 1054 Quamquam

234 1093 373 1156 veteres
400 1077 451 1150 illi
475 1101 551 1150 non
575 1073 626 1148 sic
648 1089 693 1150 ut
715 1075 861 1148 seriores
885 1072 1060 1150 subtiliter
1083 1073 1129 1147 de
1153 1071 1223 1145 boc
1245 1071 1312 1146 dis·

233 1213 439 1298 captarunt,
462 1211 590 1272 utrum
614 1195 714 1274 veri
744 1193 951 1295 κριτήριον
980 1196 1176 1270 insensu
1199 1218 1246 1267 an
1269 1193 1308 1266 in

231 1333 357 1393 recta
385 1321 566 1393 ratione
592 1319 748 1417 positum
776 1318 822 1390 sit
849 1316 960 1418 (quod
984 1315 1150 1390 nonnulli
1172 1315 1213 1390 iis
1239 1315 1309 1390 tri·

231 1439 378 1538 buere),
411 1439 703 1514 Academicorum
732 1439 804 1512 fuit
834 1436 922 1512 haec
948 1437 1123 1531 formula,
1143 1452 1308 1515 veterum

155 1561 157 1566 ’
230 1561 428 1634 sententiae
454 1586 584 1659 parum
604 1573 862 1655 consentanea,
894 1561 1028 1660 quippe
1053 1561 1118 1660 qui
1143 1585 1211 1633 nec
1232 1557 1309 1632 dis-

230 1683 387 1774 crimen,
419 1680 518 1781 quod
549 1681 644 1756 inter
670 1705 796 1756 sensus
827 1693 865 1754 et
900 1681 1073 1754 rationem
1101 1679 1308 1772 intercedit,

229 1799 409 1876 subtiliter
429 1801 668 1876 distinxerint.
718 1800 775 1874 Illi
798 1799 908 1900 magis
927 1803 1036 1876 animi
1051 1801 1234 1878 voluntate
1249 1799 1307 1878 vel

228 1917 364 2018 ingenii
394 1923 566 1996 instinctu
599 1947 709 2023 qnam
742 1919 864 1994 subtili
890 1923 1196 2021 argumentatione
1213 1920 1307 1996 banc

227 2039 370 2118 illamve
387 2042 561 2116 rationem
584 2055 669 2116 sunt
686 2041 814 2118 secuti.
863 2043 968 2134 Quae
983 2041 1051 2116 bac
1069 2041 1115 2116 de
1133 2067 1173 2116 re
1194 2041 1306 2117 luerit

227 2160 451 2258 Empedoclis
472 2164 665 2254 sententia,
686 2189 781 2264 qnae
801 2161 1070 2262 philosophandi
1098 2164 1204 2256 ratio,
1224 2187 1306 2236 car-

227 2280 334 2354 minis
357 2281 544 2356 exordium
568 2283 750 2381 significat.

272 2402 449 2494 Queritur
468 2401 517 2476 ibi
542 2408 644 2502 poeta
667 2401 713 2478 de
734 2405 811 2480 veri
832 2405 1063 2506 cognoscendi
1083 2403 1305 2480 difficultate:

225 2536 391 2620 angustas
413 2547 488 2596 esse
506 2523 642 2623 ingenii
665 2524 868 2618 facultates,
891 2541 1050 2600 mentem
1069 2529 1165 2602 curis
1188 2525 1305 2600 bebe-

224 2653 357 2734 tatam,
387 2641 498 2718 breve
518 2644 609 2719 vitae
631 2646 800 2742 spatium:
828 2645 967 2747 quibus
989 2647 1098 2722 rebus
1121 2646 1233 2740 effici,
1260 2659 1305 2721 nt

224 2757 387 2834 homines
409 2761 615 2838 universam
640 2780 789 2840 naturae
812 2769 887 2844 vim
905 2770 1105 2868 perspicere
1130 2773 1182 2864 (rt
1209 2762 1305 2845 οὖλον

224 2877 335 2976 εὑρεῖν)
365 2905 440 2952 non
472 2881 662 2960 valeant1.
710 2887 851 2962 Deinde
875 2890 968 2962 Deos
988 2890 1156 2967 invocans
1175 2917 1304 2991 preca-

222 3011 303 3092 tur,
327 3012 371 3072 ut
400 3015 558 3111 mentem
585 3030 688 3078 suam
715 3005 837 3084 divino
860 3008 983 3086 afflatu
1006 3026 1185 3106 moveant,
1209 3025 1303 3086 casto

222 3143 270 3192 ex
290 3144 352 3192 ore
371 3147 509 3219 purum
530 3127 722 3225 sapientiae
745 3125 883 3204 flumen
903 3131 1087 3226 emittant,
1108 3135 1302 3235 ipsumque

224 3239 327 3338 quasi
350 3241 525 3340 religionis
543 3270 657 3320 curru
679 3246 724 3320 ad
744 3249 937 3348 sapientiae
958 3278 1075 3326 arcem
1097 3253 1299 3330 evelrant².

223 3359 320 3433 Turn
356 3360 432 3460 ipse
464 3389 539 3438 sess
573 3363 632 3441 vel
664 3368 783 3466 potius
812 3369 915 3445 Musa
937 3397 1025 3447 eum
1047 3371 1224 3469 bortatur,
1252 3401 1301 3452 ne

221 3481 299 3556 veri
317 3483 549 3581 cognoscendi
565 3483 833 3562 difficultatibus
849 3489 1082 3588 deterreatur,
1098 3495 1160 3570 sod
1176 3521 1301 3596 sapere

221 3600 368 3697 audeat3
386 3617 582 3704 monetque
608 3631 656 3681 ne
674 3612 713 3681 in
734 3623 886 3686 naturae
906 3613 1104 3714 cognitione
1124 3639 1299 3692 sensuum

220 3723 302 3798 visis
324 3723 463 3819 credat,
484 3725 546 3800 sed
567 3729 684 3826 potius
709 3732 1021 3834 unumquodque,
1043 3733 1151 3835 quale
1173 3761 1300 3836 perse

218 3856 292 3938 est,
312 3845 456 3945 indaget
471 3855 503 3922 3.

255 4009 296 4078 (ι)
312 4011 370 4067 vid.
386 4011 493 4083 Emped.
509 4029 558 4068 m.
574 4015 606 4070 32
623 4035 678 4092 sqq.

250 4099 291 4166 (ι)
307 4099 379 4152 Idem
397 4117 443 4156 ιιι.
462 4102 549 4168 4115.
751 4109 845 4179 (³)1d.
864 4128 912 4169 rsa.
930 4113 1017 4179 ddi&
