2958 4822
294 505 394 580 lectio
420 507 546 606 exiguo
571 535 609 580 ac
634 533 746 606 paene
772 510 869 582 nullo
895 512 977 582 artis
1003 512 1139 585 criticae
1164 527 1291 586 ornatu
1307 516 1366 586 in-

295 665 441 744 structa,
467 655 556 726 sicut
581 653 733 726 indotata
759 653 894 751 puella,
920 654 1108 754 Leydensis
1132 655 1366 732 bibliothecae

293 795 452 868 custoditi
484 811 580 896 septa
611 797 713 872 latuit
733 810 763 869 2.
817 797 939 870 Plures
963 798 1108 897 quidem
1134 825 1212 873 eam
1235 825 1365 873 ornare

293 956 329 1013 ct
353 943 391 1012 in
415 941 531 1016 lucem
556 940 713 1039 prolerre
738 941 894 1014 meditati
918 957 1022 1032 sunt,
1048 957 1089 1014 ut
1114 942 1364 1035 Fabricius,

292 1079 534 1178 Goensius,
567 1085 806 1186 Canterus,
843 1085 903 1158 sed
927 1087 965 1157 in
989 1087 1167 1183 proposito
1191 1113 1263 1162 non
1287 1102 1364 1161 ste-

291 1245 414 1304 terunt
434 1239 465 1299 ³.
516 1227 650 1300 Prodiit
684 1227 828 1300 tandem
860 1241 941 1300 ante
979 1229 1040 1302 hos
1073 1231 1215 1329 triginta
1250 1257 1363 1305 annos

291 1373 378 1448 liber
398 1374 444 1446 M.
469 1372 577 1444 Frid.
604 1371 716 1444 Guil.
741 1372 930 1463 Sturzii‚
954 1373 1019 1444 hoc
1035 1372 1138 1446 titulo
1153 1375 1357 1474 inscriptus:

291 1517 577 1612 Empedocles
602 1519 940 1620 flgrigentinua
989 1519 1361 1615 Decimetpltiloao-

285 1666 380 1758 piria
403 1664 482 1760 ejrm
502 1665 690 1758 exposuit,
706 1663 909 1732 carminum
925 1625 1102 1760 reliquias
1124 1689 1169 1735 cx
1196 1665 1360 1762 antiquis

288 1808 523 1903 scriptoribus
544 1809 705 1904 collegit,
726 1807 925 1892 recensuit,'
942 1808 1157 1894 illustravit,
1177 1821 1243 1882 etc.
1275 1811 1360 1906 Lip-

288 1954 367 2042 siae,
395 1951 497 2024 1805.
531 1953 757 2023 Sturzianum
775 1975 865 2048 opus
884 1951 1089 2047 exemplum
1104 1965 1157 2026 est
1172 1953 1297 2026 laboris
1322 1967 1359 2026 et

287 2094 505 2193 diligentiae,
534 2119 628 2193 quae
651 2093 748 2166 dotes
772 2095 810 2164 in
834 2093 893 2166 illo
917 2097 993 2168 viro
1017 2095 1211 2196 singulares
1234 2097 1360 2190 fuere3

286 2239 418 2340 quibus
441 2241 470 2312 si
494 2265 558 2337 par
582 2240 774 2312 amenisset
798 2239 984 2336 ingenium
1002 2257 1038 2312 et
1053 2239 1244 2339 judicium,
1260 2241 1358 2316 baud
1405 2227 1409 2236 ’

286 2381 444 2459 multum
476 2409 559 2457 sane
583 2382 841 2482 requirendum
871 2388 1016 2480 posteris
1047 2385 1252 2484 reliquisset.
1303 2387 1357 2456 11-

284 2531 354 2603 lius
380 2527 476 2602 labor
499 2528 622 2624 plures
646 2527 832 2617 excitavit,
867 2542 910 2608 ut
943 2527 1210 2624 Empedocleam
1234 2525 1355 2621 phito-

285 2672 441 2770 sophiam
466 2681 714 2760 retraetarent;
747 2667 923 2767 equibus
947 2681 1086 2764 praeter
1110 2665 1192 2739 alios
1216 2693 1354 2742 memo-

283 2814 417 2888 randus
440 2815 480 2886 B.
503 2813 548 2886 H.
576 2813 622 2883 Κ.
648 2809 983 2902 Lemmatzsch,
1007 2809 1072 2908 qui
1094 2809 1225 2884 librum
1247 2811 1355 2886 edidit

284 2957 411 3032 diserte
434 2959 605 3055 scriptum
629 2957 694 3029 boc
716 2955 829 3029 titulo:
855 2956 932 3024 Die
959 2954 1027 3021 W
1021 2955 1152 3026 eirheit
1175 2955 1238 3028 des
1263 2958 1354 3028 Em-

279 3105 518 3200 pedocles,
544 3105 641 3175 nect
668 3104 772 3174 ibren
804 3101 960 3189 Quellen
982 3101 1265 3196 philo-sophianis
1288 3101 1353 3172 be·

283 3250 434 3322 arbeitet
444 3303 458 3336 ,
506 3247 611 3318 nebat
655 3249 754 3318 einer
798 3245 1014 3316 metriselren
1056 3243 1328 3343 Ueberseizung
1337 3299 1350 3333 ,

282 3408 348 3466 etc.
388 3392 524 3484 Berlin,
555 3391 655 3465 1830.
689 3391 875 3462 Praeterea
899 3387 1119 3485 Empedoclis
1148 3391 1351 3487 fragmentis

314 3611 355 3676 (a)
382 3612 541 3677 Exprompta
559 3615 598 3658 est
619 3615 645 3658 et
665 3623 766 3657 meeum
788 3608 971 3658 communicata
991 3625 1005 3657 a
1023 3609 1077 3658 iac.
1095 3605 1195 3665 tectio.
1212 3615 1242 3657 ut
1258 3606 1308 3657 dixi
1325 3607 1350 3656 in

281 3721 363 3773 Prnef.
383 3719 547 3772 Parmenidir.

313 3835 354 3902 (3)
374 3835 427 3885 vid.
458 3835 554 3885 Harles.
579 3837 604 3885 in
625 3833 737 3886 Fabricii
759 3833 821 3884 liibl.
845 3835 888 3884 Gr.
910 3835 939 3885 Τ.
961 3837 986 3896 1,
1010 3854 1034 3905 p.
1059 3835 1114 3888 813.
1150 3837 1234 3886 siun.
1258 3835 1348 3900 Empe·

278 3949 344 4000 decl.
367 3949 449 3999 Praei.
