3016 4840
565 403 802 452 ramosorrns.
913 385 917 396 '
1156 387 1219 448 345

148 572 336 664 elementa,
347 597 421 646 non
431 586 512 648 nata
522 587 642 647 tamen
653 573 793 665 illa,sed
804 573 1105 674 aeterna,quippe
1115 603 1219 677 quae,

146 694 282 792 pariter
301 706 346 767 ut
363 692 530 792 sphaera,
551 694 623 766 fato
644 720 684 767 ac
708 695 913 767 necessitate
934 707 1155 789 constarent,
1185 712 1221 772 et
1314 783 1319 796 Ι

146 843 308 918 quorum
332 815 475 914 originis
503 813 649 888 nullum
680 815 823 914 cogitari
851 828 965 914 posset
992 817 1220 914 principium.
1292 800 1298 810 ¹

147 937 337 1012 Elementa
363 935 421 1009 illa
447 936 530 1010 fecit
556 937 708 1010 interae
730 935 907 1036 aeqnalia,
930 939 1221 1040 unumquodque

146 1086 213 1160 per
237 1089 277 1138 se
300 1074 477 1153 constans,
497 1059 719 1160 singulorum
740 1073 860 1131 tamen
886 1073 1051 1132 naturam
1068 1071 1104 1133 et
1121 1063 1223 1160 quasi

146 1182 309 1281 ipsorum
323 1184 418 1256 inter
433 1209 470 1256 se
479 1181 651 1256 terminos
662 1206 734 1253 non
747 1180 933 1282 diligenter
944 1183 1222 1284 circumscripsit.

148 1303 212 1378 Illa
234 1319 322 1378 sunt
337 1329 460 1378 rerum
477 1303 643 1377 omnium
660 1317 732 1375 tam
747 1301 952 1378 divinarum
968 1329 1077 1403 quarn
1093 1303 1224 1379 huma-

149 1451 284 1500 narum
313 1425 464 1516 radices,
496 1449 590 1524 quae
613 1438 687 1496 tam
706 1438 839 1498 ceteras
862 1438 1011 1499 naturae
1037 1424 1226 1526 qualitates

148 1575 261 1652 qnam
283 1573 428 1622 sensum
448 1545 678 1647 animamque
698 1548 735 1617 in
760 1571 797 1619 se
818 1547 1010 1620 continent.
1060 1549 1139 1647 lpsa
1162 1575 1226 1622 au·

149 1687 223 1746 tem
242 1694 318 1742 non
337 1669 429 1740 sicut
449 1692 506 1741 res
521 1683 672 1740 naturae
686 1679 877 1740 mutantur
896 1681 932 1740 et
949 1668 1145 1763 variantur,
1166 1670 1228 1744 sed

150 1789 288 1867 stabilia
307 1803 393 1865 sunt
410 1805 448 1864 et
465 1787 672 1886 individna3
689 1813 808 1887 quum
824 1785 1000 1862 elementa
1017 1790 1228 1892 intelligeret

150 1940 222 1989 non
244 1938 396 1986 crassam
418 1909 616 1998 materiem,
642 1907 704 1981 sed
731 1905 840 2006 hujus
860 1907 974 1981 veluti
997 1912 1129 2008 species
1153 1915 1228 1988 sive

150 2039 313 2112 notiones
339 2045 460 2108 mente
488 2055 686 2130 expressas,
720 2031 887 2127 corporea
917 2029 1015 2104 faece
1050 2030 1228 2132 fluxuque

151 2159 344 2232 immunes.
405 2153 572 2254 Denique
604 2149 728 2226 eadem
762 2151 853 2224 Deos
886 2151 1118 2248 praedicavit,
1156 2181 1228 2228 non

151 2281 263 2381 magis
292 2282 480 2377 poetarum
508 2288 545 2348 et
570 2271 796 2374 physicorum
822 2297 921 2346 more
946 2299 1056 2373 quam
1083 2299 1145 2347 suo
1165 2273 1229 2372 ju-

151 2399 258 2492 dicio,
291 2399 428 2500 quippe
457 2422 576 2497 quum
604 2393 650 2468 ab
676 2392 730 2466 his
757 2395 865 2468 totius
898 2392 1027 2466 mundi
1064 2408 1229 2469 naturam
1280 2430 1285 2438 ·

153 2523 392 2621 omniumque
412 2534 485 2592 tam
507 2517 710 2596 divinarum
724 2541 834 2616 quam
850 2513 1093 2590 humanarum
1106 2541 1229 2591 rerum

154 2642 329 2743 originem
352 2652 541 2740 repeteret.
786 2627 791 2639 ¹
