2952 4836
268 375 332 438 tto
661 385 709 432 oa
730 383 947 434 macomus

267 553 430 630 membra
446 551 578 626 tellure
594 565 730 644 exorta3
744 551 931 625 secundo
949 563 1102 625 monstra
1118 567 1338 651 specttorum

267 673 410 764 similia;
444 677 584 746 tertio
617 673 745 748 solidae
766 671 973 746 animalium
999 673 1149 771 figuram
1172 691 1340 773 quarto

266 797 363 872 fctus
379 821 452 868 non
469 794 621 890 amplius
637 793 896 868 elementorum
915 795 1099 885 mixtione,
1121 794 1183 868 sed
1205 799 1340 870 mutuis
1458 803 1459 808 ’

267 916 454 992 connubiis
481 914 667 1016 procreati.
719 917 772 990 De
796 929 969 1014 postrema
1000 916 1169 1014 progenie
1189 917 1340 992 inferius

266 1039 471 1112 dicendum.
545 1039 589 1112 lu
633 1038 699 1112 lrac
736 1035 916 1110 Plutarchi
953 1036 1187 1137 descriptione
1221 1064 1339 1112 unum

266 1161 434 1236 vitiosum
467 1174 540 1256 est,
569 1159 668 1262 quod
699 1161 872 1259 principio
898 1185 971 1231 nou
994 1157 1108 1232 solum
1131 1159 1340 1232 animalium

266 1284 327 1358 sed
363 1287 470 1358 etiam
499 1282 668 1356 arborum
694 1278 793 1378 (ζώων
822 1282 878 1356 real
903 1281 1031 1384 φυτῶν)
1053 1282 1155 1380 quasi
1176 1294 1340 1354 truncata

267 1405 426 1480 membra
450 1406 620 1479 exstitisse
640 1420 776 1497 narrat,
806 1430 922 1504 quum
943 1401 988 1478 de
1009 1403 1139 1502 plantis
1161 1401 1231 1476 tale
1253 1399 1339 1500 quid

266 1525 498 1625 Empedocles
519 1551 593 1600 non
616 1525 763 1617 dixerit,
784 1526 936 1626 reliqua,
959 1525 1025 1599 etsi
1047 1524 1092 1598 ab
1111 1525 1186 1624 ipso
1204 1549 1279 1596 uon
1294 1525 1339 1596 ita

266 1646 431 1722 distincte
452 1661 630 1740 enarrata,
654 1663 775 1722 tamen
798 1649 993 1722 sententiae
1013 1645 1090 1745 ejus
1110 1647 1340 1721 conveniunt.

315 1768 505 1840 Caeterum
529 1766 616 1842 haec
638 1770 729 1842 lictio
752 1766 916 1866 exemplo
936 1783 1007 1860 est,
1027 1794 1138 1868 quam
1159 1765 1341 1863 φιλόμυθος

266 1887 377 1962 suerit
397 1887 507 1962 Siculi
524 1890 612 1964 vatis
629 1887 859 1989 philosophia.
901 1889 994 1981 Quis
1016 1889 1102 1964 haec
1122 1888 1245 1987 legens
1266 1913 1340 1960 nou

266 2007 572 2107 Hippocentauros
583 2025 621 2086 et
630 2012 832 2086 Chimaeras
848 2025 885 2086 et
903 2011 969 2084 alia
987 2010 1167 2084 fabulosae
1185 2009 1340 2109 antiqui·

267 2131 348 2204 tatis
368 2145 522 2204 monstra
545 2131 776 2207 recordatur?
824 2134 882 2206 Au
904 2133 1059 2226 mirum,
1077 2131 1146 2204 tale
1162 2155 1341 2204 commen·

266 2265 346 2325 tum
361 2254 481 2350 paucis
493 2253 681 2352 probatum
694 2283 713 2326 a
725 2253 905 2354 plerisque
915 2254 1073 2328 derisum
1087 2277 1160 2326 esse
1174 2265 1211 2324 et
1223 2251 1341 2350 explo-

266 2372 373 2446 sum‘l
401 2373 493 2448 Nam
510 2388 554 2446 ut
569 2377 790 2466 omittamus,
806 2375 903 2474 quod
923 2373 1084 2448 homines
1097 2376 1189 2448 sicut
1199 2372 1343 2465 blitum,

268 2507 310 2566 ut
321 2495 437 2568 Varro
461 2493 580 2568 ridens
597 2494 697 2588 dicit,
716 2521 737 2568 e
757 2510 852 2570 terra
870 2511 970 2570 natos
992 2497 1089 2590 lecit,
1108 2509 1144 2570 et
1164 2493 1340 2597 quomodo

266 2631 431 2690 truncata
463 2617 527 2689 ista
557 2616 716 2690 membra
742 2643 817 2692 non
843 2619 938 2692 nasci
961 2617 1101 2710 solum,
1131 2617 1193 2691 sed
1222 2618 1342 2692 vivere

267 2736 494 2836 potuerunt?
526 2738 732 2832 Quomodo,
755 2741 806 2814 lris
829 2753 964 2815 temere
985 2737 1215 2830 coeuntibus,
1240 2739 1341 2812 mira·

267 2857 346 2932 bilis
373 2858 431 2932 illa
457 2861 623 2934 exsistere
644 2861 867 2961 singularum
891 2887 1014 2935 rerum
1037 2862 1149 2962 figura
1173 2875 1210 2934 et
1234 2885 1343 2932 orna-

268 2976 351 3053 tus?
399 2979 481 3053 Nou
503 2981 592 3056 vidit
611 3007 712 3082 ergo,
732 2981 909 3083 cujusque
934 2983 985 3056 rei
1005 2983 1177 3079 originem
1194 2995 1230 3053 et
1247 2981 1343 3080 priu-

267 3100 402 3198 cipium
423 3099 493 3174 tale
514 3127 588 3176 esse
609 3103 751 3196 dehere,
771 3103 868 3202 quod
892 3102 1005 3201 ipsius
1027 3117 1177 3175 naturae
1193 3127 1343 3199 respou-

267 3220 367 3308 deat,
387 3246 460 3292 non
475 3223 739 3316 animadvertit,
754 3223 968 3324 praeclaram
986 3223 1082 3295 illam
1099 3221 1341 3296 membrorum

267 3356 484 3415 structuram
511 3357 548 3416 et
571 3345 721 3417 sormam
742 3371 815 3418 nou
837 3349 992 3444 potuisse
1013 3344 1107 3416 sorte
1133 3343 1192 3420 rel
1215 3369 1343 3417 neccs-

265 3465 366 3538 sitate
390 3461 575 3558 exsistere,
600 3465 662 3539 sed
686 3465 822 3541 rationo
845 3481 1014 3566 certoque
1036 3463 1178 3540 consilio
1203 3463 1249 3538 atl
1271 3467 1342 3540 uti·

266 3583 400 3658 litatem
439 3597 476 3658 et
508 3583 552 3656 ad
588 3584 757 3660 decorum
791 3601 1031 3683 comparatam
1065 3611 1140 3660 csse
1167 3591 1245 3659 ¹⁸0.
1296 3589 1341 3660 At

266 3815 315 3869 pro
333 3801 401 3866 vulg.
420 3803 559 3871 τέτταρας
574 3799 646 3852 dedit
657 3799 741 3853 stara.
753 3817 777 3869 p.
792 3799 848 3852 366.
867 3799 1000 3851 vocabulo
1014 3803 1203 3872 εἰδωλοφανὴς
1213 3803 1339 3869 geminam

267 3899 306 3944 est
324 3894 542 3966 ιῑδυλόμορφος,
559 3894 673 3962 Geopoa.
691 3892 730 3954 X,
748 3903 770 3940 c.
791 3907 822 3958 9,
838 3889 884 3941 etsi
902 3891 1020 3944 dissimili
1036 3895 1227 3960 significatione.

299 3987 374 4048 (180)
391 3986 463 4037 Talia
481 3988 504 4037 ei
526 3983 615 4052 objicit
632 3982 734 4035 Aristar.
751 3979 824 4044 Phys.
841 3981 881 4040 ll,
901 3983 931 4047 8,
946 4001 972 4054 p.
989 3987 1084 4050 270132
1106 3987 1172 4044 llere
1190 3986 1223 4039 δὲ
1238 3987 1342 4052 damae?

267 4075 371 4126 ὃοῧτω
387 4077 472 4142 tiron
487 4079 522 4126 τὸ
540 4073 620 4137 ,lars
638 4091 670 4122 vr
690 4073 736 4122 rrel
755 4069 834 4131 φύσιν
853 4073 912 4122 acl.
