2952 4836
259 365 322 428 too
656 379 704 426 nn
726 375 941 426 menceus

261 547 369 626 votat
391 554 519 644 φασιν,
543 546 651 646 ὥσπερ
679 545 725 640 ἒξ
755 545 937 645 ἀγγείου
966 547 1023 634 τῆς
1044 545 1202 643 γενέσεως
1225 549 1338 638 οὔσης,

262 673 342 749 ἀλλ’
366 675 422 746 οὐκ
441 673 479 746 ἓκ
497 699 581 752 τινος
598 667 697 762 ὕλης,
714 667 786 746 οὐδὲ
800 667 973 769 γὶγνεσθω
988 666 1270 763 μεταβάλλοντος
1283 677 1336 744 ³⁷.

260 797 381 869 Vasis
401 789 610 888 similitudo,
630 819 704 893 qua
718 791 919 866 Aristoteles
937 791 1073 883 utitur,
1087 789 1133 862 ab
1153 790 1335 890 Empedo-

259 916 325 990 clis
351 913 510 988 dictione
536 912 635 988 haud
662 913 775 988 aliena
800 917 925 988 est³⁸.
974 912 1036 986 His
1056 925 1179 985 autem
1205 911 1334 986 multas

257 1037 405 1138 opponit
425 1035 592 1128 rationes,
613 1034 747 1136 quihus
771 1032 863 1108 illud
883 1033 1054 1134 placitum
1081 1031 1331 1132 redarguatur,

256 1183 351 1260 quae
368 1155 450 1230 licet
467 1180 542 1228 non
558 1180 681 1229 omnes
697 1153 838 1254 pmbari
854 1171 1008 1254 queant,
1029 1153 1114 1228 licet
1130 1168 1252 1227 contm
1273 1180 1332 1252 po·

254 1281 328 1352 tius
337 1277 561 1378 Empedoclis
577 1275 762 1376 placitum,
776 1277 952 1352 elementa
965 1277 1032 1352 alia
1042 1277 1119 1352 aliis
1134 1279 1263 1364 inesse,
1277 1301 1331 1350 re·

253 1401 452 1472 centiorum
473 1397 699 1498 physicorum
715 1399 871 1476 inventis
886 1399 1128 1492 confirmetur,
1143 1396 1329 1472 fatendum
1460 1439 1461 1510 ᾗ

251 1534 393 1612 tamen,
417 1519 517 1592 hunc
540 1520 774 1617 generationis
800 1519 949 1594 modum
973 1518 1156 1594 difficilem
1174 1544 1250 1592 esse
1272 1519 1330 1590 in·
1460 1517 1461 1568 ἶ

251 1639 416 1732 tellectu,
445 1643 474 1713 si
496 1639 540 1713 ad
561 1653 716 1740 quatuor
741 1642 896 1718 diversas
917 1642 1051 1717 radices
1070 1667 1127 1716 res
1149 1641 1329 1716 reducan-

250 1775 324 1851 tur,
346 1783 413 1833 nec
433 1760 549 1834 subsit
566 1762 608 1834 iis
625 1765 825 1838 communis
841 1763 1019 1864 quaedam
1038 1764 1220 1854 materies,
1237 1789 1329 1863 quae
1460 1733 1461 1766 l

249 1905 315 1978 per
341 1882 459 1954 omnia
484 1881 529 1955 sit
550 1880 689 1958 diffusa.

299 2001 411 2075 Porro
442 2012 565 2076 autem
592 2003 658 2077 ista
688 2003 949 2083 elementorum
975 2034 1177 2112 compages,
1197 2007 1329 2110 quibus

248 2147 305 2197 res
326 2137 477 2198 naturae
494 2125 734 2218 continentur,
754 2125 784 2200 si
804 2129 1006 2204 accuratius
1023 2130 1266 2224 examinetur,
1283 2157 1329 2204 ne
1460 2123 1461 2184 l

251 2243 411 2320 mixtio
440 2245 589 2344 quidem
611 2248 753 2346 proprie
773 2246 842 2320 dici
863 2262 998 2347 potest,
1030 2277 1104 2352 qua
1127 2251 1266 2331 diversa
1291 2257 1326 2326 in

249 2371 362 2438 unani
391 2379 558 2439 naturam
589 2365 810 2462 coalescunt3
842 2383 895 2442 est
926 2373 1043 2470 potius
1074 2373 1328 2474 conglutinatio

246 2485 425 2585 quaedam
437 2486 631 2588 (κόλλησις)
653 2515 727 2587 qua
747 2490 864 2564 vanas
882 2495 993 2568 resin
1007 2519 1125 2568 unum
1140 2522 1326 2596 coagmen-

248 2621 384 2698 tantur,
402 2623 445 2682 ut
461 2612 710 2686 animadvertit
727 2611 814 2685 item
827 2614 1011 2688 Aristotes:
1031 2621 1099 2697 τοῖς
1119 2621 1277 2715 λέγουσιν
1287 2621 1327 2700 ὡς

246 2726 485 2824 Ἐμπεδοκλῆς,
506 2735 555 2814 τίς
573 2733 669 2808 ’ἔσται
690 2734 808 2833 τρόπος
822 2734 896 2834 (τῆς
913 2739 1097 2837 γενέσεως);
1111 2738 1244 2840 donysii
1258 2743 1325 2840 ylo

247 2848 442 2926 σύνθεσιν
473 2847 569 2946 εἶναι,
598 2854 747 2956 καθάπερ
775 2855 816 2932 ἐκ
842 2857 979 2935 πλίνθων
1004 2863 1060 2936 acl
1080 2861 1172 2939 λίθων
1194 2869 1324 2965 τοῖχος·

172 3069 177 3080 Ι
246 2977 302 3046 καὶ
324 2973 364 3048 τὸ
381 2973 552 3072 polypodi
574 2987 673 3054 τοῦτο
692 2976 731 3054 ἐκ
749 2980 938 3077 σωζομένων
956 2989 1018 3078 μὲν
1034 2987 1130 3060 ἔσται
1149 2991 1212 3090 cdo
1231 3015 1325 3064 orot-

246 3095 366 3196 χείων,
393 3099 485 3174 κατὰ
512 3099 616 3199 μικρὰ
643 3099 680 3179 tt
708 3103 786 3200 παρ’
815 3102 951 3196 ἄλληλα
975 3109 1204 3206 συγκειμένων·
1239 3107 1325 3192 οὕτω

244 3215 283 3308 dl
297 3216 385 3317 σὰρξ
401 3223 458 3294 acl
477 3227 539 3298 τῶν
553 3224 663 3299 ἄλλων
679 3221 823 3300 tamo
836 3233 891 3303 ³⁹.
909 3229 932 3300 i.
944 3253 977 3302 e.
989 3231 1086 3322 »Qui
1101 3229 1324 3328 Empedoclis

243 3342 354 3414 instar
378 3365 502 3416 rerum
531 3347 796 3443 generationem
823 3349 983 3449 fingunt,
1015 3377 1075 3426 eos
1100 3375 1242 3426 necesse
1272 3367 1324 3428 est

243 3460 405 3538 similiter
429 3490 484 3536 res
503 3481 769 3542 construerent
790 3495 810 3543 c
827 3470 997 3545 lateribus
1018 3474 1057 3544 fir
1079 3497 1226 3566 murus,
1246 3473 1321 3546 talis

272 3692 334 3761 (37)
353 3694 457 3747 Aristot.
475 3693 546 3748 Coel.
564 3697 625 3762 111,
644 3711 667 3762 γ.
685 3715 712 3768 p.
734 3697 784 3764 ³75
801 3701 830 3755 Β.
847 3701 881 3752 ef.
900 3699 1022 3756 Themiat.
1043 3703 1070 3756 in
1087 3705 1143 3757 xtl
1163 3703 1225 3760 libr.
1244 3705 1318 3758 sn'st

242 3781 276 3835 ds
289 3783 331 3835 Pr.
348 3781 411 3851 phil.
428 3801 454 3854 p.
472 3786 514 3847 alt:
531 3785 710 3856 *Empedoclis
726 3787 853 3842 elementa
868 3807 900 3844 ea
915 3807 983 3863 quae
1001 3801 1062 3846 sunt
1075 3811 1109 3846 ex
1124 3811 1157 3847 eo
1175 3793 1246 3866 quod
1260 3802 1317 3846 actu

243 3880 281 3926 est
298 3874 335 3938 (h.
349 3891 370 3926 s.
384 3878 413 3926 ts
424 3879 474 3930 τοῦ
489 3879 617 3948 ἐνεργείᾳ
628 3875 716 3946 ὄντος)
726 3877 782 3932 fleri
792 3882 977 3952 cogentequod
988 3883 1093 3955 quidem
1104 3882 1246 3936 absurdum
1255 3883 1317 3937 est.”

273 3961 330 4028 (38)
350 3965 406 4017 vtd.
426 3967 531 4037 Emped.
550 3985 587 4022 vs.
607 3984 662 4020 arr.

273 4048 331 4115 (dpl
353 4052 453 4106 Aristot.
477 4055 509 4107 de
530 4057 621 4111 Gener.
644 4064 671 4108 et
693 4057 767 4112 Corr.
789 4060 832 4118 11,
854 4076 876 4124 7.
897 4079 922 4131 p.
941 4061 990 4124 (οὗ
1007 4064 1036 4115 n.
1063 4063 1064 4068 ’
