2958 4822
276 363 314 426 16
659 375 705 420 nn
729 373 942 422 anennoeton

271 565 444 642 pauperes
461 537 658 632 liberalem,
676 567 785 641 quam
808 542 974 618 adversus
993 549 1151 638 potentes
1168 559 1332 612 severum

269 661 431 740 ostendit.
482 655 536 736 Ex
567 659 693 761 opibus
720 675 860 759 apatre
883 661 933 734 iili
954 658 1082 734 relictis
1107 656 1235 732 multas
1255 662 1333 734 rir-

174 836 182 854 .
268 786 381 884 gines,
401 809 493 884 quae
511 796 655 883 propter
672 795 915 882 paupertatem
935 779 1073 856 nubere
1094 805 1165 854 non
1177 795 1334 879 possent,

268 904 408 981 dotibus
431 905 520 980 datis
542 903 721 980 collocarit
749 913 805 976 ³⁹.
854 903 1046 1000 Praecipue
1070 925 1154 978 vero
1177 901 1333 1002 popula-

268 1053 344 1102 rem
367 1053 405 1100 se
426 1023 577 1100 reddidit
592 1023 659 1098 boc
678 1024 787 1114 facto,
808 1021 904 1122 quod
921 1037 965 1096 ut
979 1022 1145 1098 Timaeus
1161 1025 1334 1114 narravit,

267 1150 411 1222 initium
425 1149 459 1222 ei
474 1145 704 1244 capessendae
725 1145 812 1244 reip.
833 1144 912 1218 fuit.
961 1143 1087 1236 Quum
1110 1171 1130 1216 a
1151 1147 1335 1243 magistra-

267 1284 309 1346 tu
330 1265 485 1370 quodam
507 1268 585 1359 (ferd
603 1295 686 1346 τινος
704 1271 764 1342 τῶν
783 1264 964 1365 ἀρχόντων)
985 1263 1028 1336 ad
1045 1265 1249 1341 convivium
1271 1267 1336 1338 iu·
1398 1289 1401 1292 ·

268 1393 397 1468 vitatus
411 1390 463 1484 (in
478 1388 650 1466 conviviis
664 1389 814 1464 Graecos
827 1399 931 1486 saepe
946 1411 1001 1459 res
1019 1384 1175 1484 publicas
1191 1388 1336 1485 agitasse

265 1526 394 1592 notum
418 1510 485 1609 est)
509 1535 551 1583 eo
575 1511 750 1601 venisset,
781 1523 936 1586 cessante
959 1533 1088 1600 mena,
1104 1507 1334 1607 Empedocles

266 1633 302 1704 id
335 1657 438 1730 aegre
470 1631 576 1724 tulit3
611 1629 794 1706 excusarit
823 1641 944 1704 autem
977 1629 1162 1720 dominus,
1194 1627 1335 1718 dicens,

266 1753 398 1853 publici
416 1752 551 1826 consilii
569 1753 771 1826 ministrum
787 1751 857 1846 (rba
874 1758 931 1841 τῆς
949 1752 1073 1846 βουλῆς
1088 1752 1256 1848 ὑπηρέτην)
1272 1777 1332 1828 ex·-
1377 1787 1379 1792 ⁷

265 1873 427 1972 spectari.
457 1875 491 1946 Is
507 1898 597 1950 ‚cum
615 1871 760 1946 tandem
781 1875 945 1964 venisset,
967 1903 987 1948 a
1007 1873 1228 1948 dominarer
1246 1899 1334 1946 oon·-

267 1997 352 2070 virii
373 1993 510 2088 (Graeci
532 1997 790 2094 συμποσὶαρχον
812 1995 1004 2094 appellant)
1031 1996 1243 2070 constitutus
1267 1997 1331 2068 est.

267 2117 341 2208 Qui
373 2117 490 2188 statim
520 2113 714 2216 tyrannidis
736 2113 951 2188 affectandae
973 2115 1158 2188 eonsilium
1184 2141 1270 2212 prae
1296 2141 1335 2188 se

267 2236 365 2311 tulit:
393 2236 494 2335 jussit
515 2237 681 2310 convivas
701 2249 765 2308 ant
786 2233 909 2307 bibere
930 2249 994 2309 aut
1017 2249 1124 2333 caput
1145 2238 1229 2312 vino
1254 2263 1335 2336 per·

266 2355 448 2430 sundi⁴⁰:
472 2353 538 2428 hoc
559 2355 632 2454 joco
652 2356 865 2452 significans,
887 2357 1031 2452 opinor,
1053 2355 1181 2432 debere
1208 2361 1336 2432 conri-

266 2503 327 2551 ras
343 2490 406 2550 aut
421 2451 618 2576 tyrannidis
633 2473 736 2574 quasi
753 2499 851 2548 mero
867 2473 1048 2564 inebriari,
1062 2493 1125 2550 aut
1139 2478 1335 2578 submergi3

265 2601 289 2672 i.
316 2624 348 2671 e.
373 2597 431 2670 vel
459 2575 659 2694 parendum
689 2596 882 2694 tyrannidi,
922 2596 979 2672 vel
1012 2597 1332 2672 succumbendum.

265 2716 495 2815 Empedocles
515 2718 656 2788 interim
673 2715 819 2814 quidem
841 2717 995 2818 quievit;
1014 2731 1152 2816 postero
1174 2743 1258 2794 vero
1276 2719 1335 2792 die

267 2837 404 2924 ambos,
430 2851 466 2910 et
492 2838 677 2912 dominum
700 2851 736 2910 et
758 2839 913 2912 convivii
937 2865 1077 2939 regem,
1100 2843 1137 2912 in
1158 2839 1336 2938 judicium

266 2962 421 3050 vocarit,
442 2975 478 3032 et
499 2959 692 3061 tyrannidis
711 2959 887 3060 conuictos
906 2961 1025 3060 capitis
1042 2960 1259 3034 damnandos
1272 2988 1336 3038 eu·

266 3083 357 3156 ravit
389 3093 444 3152 ⁴¹.
511 3081 680 3182 Magnum
712 3082 868 3178 profecto
903 3082 1109 3181 exemplum
1143 3084 1337 3158 severitatis

265 3202 341 3301 ejus
379 3218 415 3276 et
450 3203 519 3276 odii
558 3201 725 3278 adversus
760 3201 995 3303 tyrannidem.
1057 3203 1184 3304 Neque
1216 3205 1338 3278 miuus

265 3326 388 3400 acriter
419 3325 608 3424 superbiae
633 3324 860 3424 quorundam
892 3341 928 3398 et
961 3326 1142 3400 ambitioni
1169 3351 1207 3400 se
1227 3309 1338 3424 oppo-

264 3448 345 3519 suit.
398 3447 548 3537 neroni,
568 3443 779 3517 nobilissimo
798 3446 949 3538 medico,
969 3473 987 3519 a
1009 3449 1142 3521 Senatu
1164 3447 1337 3544 Agrigen-

296 3629 351 3696 (39)
371 3629 404 3682 Ut
418 3629 499 3683 refert
515 3629 582 3680 idem
597 3625 731 3680 Nerntbes
746 3629 814 3698 apud
833 3629 937 3693 ltiogan.
955 3629 980 3680 ΙΙ.
1000 3645 1018 3680 a.
1031 3629 1070 3691 73.
1084 3625 1117 3678 ef.
1129 3627 1240 3691 Heryeh.
1252 3625 1334 3678 Miles.

263 3735 287 3784 p.
310 3733 348 3781 ¹7·
365 3717 460 3770 Endoc.
482 3735 507 3786 p.
528 3733 580 3780 ¹7⁰·

295 3809 351 3874 (40)
369 3811 400 3860 Is.
411 3807 580 3862 *casaubonus
596 3807 629 3857 ad
646 3807 717 3871 Diog.
736 3807 822 3859 Lat'rt.
840 3816 963 3870 annotat,
982 3808 1057 3862 suine
1069 3806 1119 3860 boc
1131 3810 1245 3864 παιδιᾶς
1255 3819 1338 3870 genus

263 3897 331 3964 apud
343 3898 465 3956 Graecos,
482 3904 602 3948 tamtum
615 3897 805 3966 ἑωλοκρασίαν.
819 3898 870 3949 vid.
882 3896 1090 3968 Lexieagraphoa.

295 3987 351 4052 (ίμ)
367 3986 424 4038 Vid.
435 3985 540 4051 Diogen.
552 3985 638 4039 laert.
647 3988 735 4049 vm,
747 3987 797 4050 643
818 3983 928 4054 fleryob.
937 3987 1019 4042 Miles.
1029 3989 1046 4040 b
1055 3987 1073 4040 Ι.
1082 3986 1166 4058 Gdlier
1176 4025 1182 4050 ,
1194 3987 1227 4039 de
1239 3985 1298 4037 Situ
1310 3994 1338 4037 et

263 4075 331 4138 Orig.
340 4076 426 4142 Syrac.
436 4077 463 4126 in
474 4075 569 4126 Timaei
580 4076 727 4140 fragmentis
740 4076 901 4130 recensendis
909 4079 981 4128 bunc
992 4077 1078 4144 locum
1088 4077 1178 4128 omisit.
