2968 4838
552 389 792 466 amnosoams.
1147 368 1207 445 471

180 555 356 654 Sequitur
377 553 536 652 quaestio
559 552 605 626 de
621 551 815 628 liberorum
834 579 918 628 cum
936 556 1143 653 parentibus
1159 563 1209 634 si-

133 672 351 766 militudine,
377 674 423 748 de
444 699 518 776 qua
538 673 672 773 duplex
695 676 916 772 potissimum
936 677 1021 767 fuit,
1047 692 1091 752 ut
1114 683 1207 756 Aris·
1299 738 1301 748 .

131 792 256 868 toteles
289 793 419 889 refert,
447 810 613 872 veterum
639 795 865 897 physicorum
887 802 1071 875 sententia.
1103 802 1207 876 Non-

130 914 240 1004 nulli,
269 915 335 1018 qui
359 941 404 992 ex
425 917 616 1019 utriusque
635 919 792 1017 parentis
815 923 950 995 semine
973 937 1119 1021 portum
1140 951 1207 1024 ge-

130 1035 324 1128 nerabant,
347 1037 512 1112 dicebant
540 1041 677 1114 foetum
698 1039 784 1114 huic
803 1041 954 1116 similem
970 1042 1075 1138 ellici,
1092 1072 1112 1118 a
1132 1071 1207 1146 quo

129 1156 212 1256 plus
257 1158 401 1233 oriatur.
445 1157 532 1232 ilii
574 1185 658 1235 vero
697 1161 863 1237 volebant
896 1165 1097 1262 genituram
1132 1191 1207 1240 esse

128 1281 234 1378 quasi
260 1283 488 1378 τοονοτερμόοον
514 1279 711 1381 quandam,
739 1283 902 1358 omnium
931 1287 1126 1386 figurarum
1147 1311 1206 1360 se-

128 1402 228 1475 mina
253 1403 291 1474 in
317 1427 354 1478 se
375 1401 611 1502 complexam,
633 1429 791 1502 quorum
812 1405 907 1504 quod
938 1430 1060 1480 semen
1085 1395 1205 1484 valen·

127 1523 202 1598 tius
215 1539 322 1617 esset,
337 1524 422 1598 huic
439 1549 640 1623 congruum
656 1524 793 1598 loetum
811 1527 1074 1624 procreari2⁴⁹.
1108 1527 1207 1600 Inter

127 1643 261 1742 prioris
292 1647 488 1720 sententiae
518 1659 677 1718 auctores
708 1659 877 1718 numerat
897 1645 1151 1744 Empedoclem
1170 1660 1208 1720 et

129 1766 391 1860 Democritum,
426 1765 971 1867 utrunqueredarg11ens²⁵0.
1021 1766 1114 1840 Cum
1142 1768 1208 1842 hoc

128 1889 211 1962 satis
238 1889 393 1962 concinit
412 1886 643 1978 Plutarchus,
668 1887 738 1962 tale
761 1885 812 1959 illi
836 1885 997 1960 tribuens
1020 1888 1208 1986 placitum:

130 2007 359 2106 Ἐμπεδοκλῆς
390 2010 582 2108 ὁμοιότητος
609 2005 783 2108 γόονετόοιι
814 2009 890 2082 νοντ’
914 2005 1123 2107 ἐπικράτειαν
1146 2016 1208 2086 τόν

128 2136 363 2231 σπερματικῶν
379 2132 493 2231 γόνων,
516 2129 754 2228 ἀνομοιότητας
774 2128 829 2222 lt,
851 2132 909 2219 τῆς
930 2127 962 2206 ἓν
983 2131 1032 2229 τῷ
1056 2135 1209 2231 τπόρμον-
1255 2127 1259 2134 ’

129 2283 162 2330 το
185 2253 364 2352 θερμασίας
384 2251 634 2350 ἓξοοτμντόεότνο
648 2259 727 2324 ²⁵¹:
750 2253 774 2327 i.
798 2277 830 2326 e.
854 2250 980 2326 liberos
1002 2253 1132 2330 similes
1151 2279 1209 2328 ex·

128 2379 254 2453 sistere
273 2391 465 2478 parentum
487 2375 670 2468 alterutri,
689 2373 793 2476 cujus
809 2397 931 2447 semen
949 2375 995 2446 sit
1014 2374 1209 2468 volentius;

127 2499 315 2574 dissimiles
338 2512 548 2598 parentum,
567 2499 597 2570 si
616 2496 759 2570 seminis
779 2493 871 2567 color
893 2495 1038 2597 (inquo
1055 2498 1209 2586 manime

129 2621 231 2720 vigor
265 2622 372 2719 inest)
399 2619 598 2696 evanuerit.
650 2617 829 2690 Posterius
857 2615 903 2690 ab
929 2616 1114 2691 Aristotele
1135 2643 1208 2691 non

128 2755 363 2815 memoratur.
414 2739 515 2813 Idem
543 2735 661 2838 adjicit
686 2763 833 2837 quoque
857 2739 1046 2829 rationem,
1068 2761 1134 2810 cnr
1159 2737 1208 2809 li-

166 2971 243 3042 (sdpl
262 2971 366 3022 Aristot.
386 2968 421 3022 de
437 2968 528 3020 Gener.
548 2965 631 3018 inim.
650 2967 698 3028 lV,
719 2965 742 3018 ³.
760 2981 784 3035 p.
803 2963 886 3018 8521?
905 2973 932 3018 et
948 2965 981 3018 H.

164 3057 240 3126 (250)
257 3058 369 3118 lbidem,
388 3059 418 3110 G:
440 3059 466 3110 ol
484 3057 534 3122 μὲν
551 3061 604 3127 γὰρ
622 3057 712 3126 ὥσπερ
731 3055 927 3126 Ἐμπεδοκλῆς
943 3055 1101 3125 λόγοντοςῆ
1118 3057 1207 3125 Apo

131 3169 224 3221 κριτος
243 3151 311 3219 περὶ
330 3151 380 3202 τοῦ
402 3149 506 3219 θήλεος
525 3152 573 3203 aul
591 3150 703 3220 όόρῤενος
721 3153 772 3219 τὴν
790 3153 896 3212 utetur,
912 3148 997 3202 ἄλλον
1015 3151 1118 3219 τρόπον
1136 3150 1208 3202 ἀδό-

129 3263 205 3296 mo
223 3244 358 3310 λόγονονν·
379 3245 406 3294 οἱ
427 3243 459 3297 dl
482 3247 520 3316 τῷ
538 3245 670 3314 cistert}
690 3245 809 3297 ἔλαττον
827 3243 1007 3296 duricordem
1028 3247 1080 3295 τοῦ
1099 3241 1209 3310 (idduae

129 3335 286 3406 ἣθὴλοος,
307 3338 355 3390 παλ
374 3338 425 3390 διὰ·
441 3341 527 3390 τοῦτο
543 3342 694 3406 ylyrsoduo
713 3341 746 3390 τὸ
766 3337 817 3402 μὶν
836 3338 928 3405 θῆλυ,
947 3339 980 3389 τὸ
1000 3333 1029 3388 δ’
1046 3335 1143 3406 όρῤον,
1159 3337 1207 3390 οὖν

129 3432 164 3482 ἂν
182 3429 274 3498 {lorea
293 3431 456 3493 ἀποδεῖξαι,
474 3435 539 3484 τίνα
554 3433 659 3500 τρόπον
675 3432 708 3482 τό
724 3450 756 3482 τε
772 3430 848 3499 θῆλυ
866 3431 905 3496 τῷ
919 3431 1008 3500 scarpi
1028 3431 1113 3488 ἐοικὸς
1129 3429 1208 3482 lorus

131 3525 179 3575 sul
192 3527 224 3575 τὸ
236 3523 318 3592 idcirc
330 3533 364 3592 τῇ
374 3527 466 3591 μητρί·
478 3527 535 3586 ἅμα
552 3528 604 3594 γὰρ
617 3525 714 3577 norro
726 3525 810 3576 πλόον
823 3521 871 3575 ἀπ’
888 3525 1046 3593 ἀμφοτέρων
1055 3523 1205 3576 ἀδύνατον.

129 3617 228 3669 Harum
247 3615 379 3668 rationum
396 3617 524 3684 priorem,
540 3631 607 3684 quae
624 3623 664 3667 ort
679 3615 853 3684 Empedoclis,
871 3631 924 3666 non
940 3615 988 3666 nisi
1003 3613 1097 3666 leviter
1112 3614 1205 3678 tangit;

129 3706 299 3774 posteriorem
316 3705 475 3764 accuratior,
492 3720 559 3774 quae
572 3713 613 3755 ert
625 3703 780 3766 Democriti,
796 3712 827 3756 ut
839 3703 916 3756 docet
932 3703 1024 3771 ipsein
1035 3701 1126 3754 eodem
1137 3701 1205 3754 libro

95 3795 98 3802 '
133 3795 178 3856 lV,
198 3810 220 3857 r,
235 3810 261 3863 p.
278 3789 326 3856 ⁸2⁸7
345 3794 374 3844 l).
406 3792 531 3852 Quocirca
547 3792 590 3842 hic
606 3793 713 3852 rectius,
733 3795 834 3862 opinor,
849 3794 886 3844 ric
901 3793 1014 3860 legatur:
1033 3795 1059 3845 oi
1076 3793 1126 3858 pia
1143 3798 1204 3863 γὰρ,

132 3885 221 3954 ὅσπερ
240 3881 449 3951 Ἐμπεδοκλῆς,
472 3883 600 3950 λέγοντος
621 3885 689 3954 trapi
713 3889 763 3938 τοῦ
782 3885 886 3954 θήλεος
908 3885 968 3936 κτλ.
997 3887 1022 3936 οἱ
1050 3885 1097 3956 θλ,
1115 3887 1205 3956 ὥσπερ

133 3978 323 4047 Δημόκριτος,
346 3979 384 4047 τῷ
403 3977 502 4030 πλεῖον
520 3979 537 4044 ἢ
557 3977 684 4028 ἲλονττοτ.

164 4067 237 4136 (251)
254 4066 387 4122 Plutarch.
402 4067 471 4120 Plau.
488 4067 548 4136 phil.
567 4067 598 4130 V,
617 4083 654 4118 rr.
671 4067 758 4119 Galen.
775 4067 839 4120 nist
857 4065 922 4137 phil.
942 4067 1056 4121 mu.
