2968 4838
291 375 353 436 480
626 329 635 346 .
685 389 730 436 us
752 389 966 438 umsnocrus

290 577 382 626 mus.
430 551 519 625 Inde
548 567 668 626 autem
698 555 806 628 simul
835 553 1018 642 discimus,
1045 579 1140 654 quae
1167 579 1288 627 caussa
1314 557 1357 628 sit

290 699 356 745 cur
374 673 516 773 sanguis
538 697 681 749 sursum
704 674 873 773 prosiliat:
897 674 975 746 ideo
998 672 1177 767 videlicet,
1199 675 1297 774 quod
1320 681 1357 751 sl

290 798 440 890 ἔμφυτον
466 791 578 891 θερμὸν
603 797 702 886 sise,·
725 811 769 870 ut
799 793 1034 895 Empedocleo
1060 793 1230 870 vocabulo
1260 811 1357 889 utar,

289 918 327 992 sl
361 917 503 1015 ὠγύγιον
535 926 596 1015 πῦρ
613 919 695 1010 ²⁷⁶,
722 916 819 1016 quod
850 919 889 988 in
927 915 1100 1015 sanguine
1130 917 1238 1008 inest,
1268 919 1359 993 foras

286 1053 494 1138 prorumpat
524 1039 568 1111 ad
597 1039 653 1112 sui
681 1037 793 1110 simile
824 1035 984 1112 tendens.
1030 1037 1251 1137 Empedoclis
1275 1065 1359 1114 sen-

286 1161 432 1232 tentiam
456 1161 618 1259 sequitur
645 1159 721 1233 fere
744 1157 859 1248 Plato,
886 1159 949 1257 qui
976 1160 1063 1230 item
1089 1160 1264 1256 reciprocd
1295 1187 1355 1234 ca-

284 1281 366 1354 loris
385 1277 465 1378 (qui
484 1281 523 1350 in
548 1283 721 1380 sanguine
744 1281 847 1374 inest)
872 1295 909 1352 et
931 1281 1020 1352 aiiris
1046 1282 1197 1354 motione
1224 1295 1261 1355 et
1283 1284 1356 1356 cir-

284 1413 453 1496 cumactu
478 1401 742 1501 respirationem
765 1402 953 1494 contineri,
975 1403 1060 1474 item
1083 1407 1200 1475 aerem
1223 1403 1357 1476 intrare

285 1536 405 1596 censet
434 1548 507 1594 non
539 1547 603 1620 per
631 1549 786 1596 vacuum
808 1522 870 1596 scd
891 1549 955 1622 per
980 1549 1082 1622 poros
1101 1525 1194 1618 sive,
1217 1538 1262 1598 ut
1284 1527 1355 1622 ipse

284 1645 386 1730 dicit,
412 1642 472 1720 tit
494 1649 601 1738 μανῶν
620 1649 682 1719 τῶν
707 1649 851 1742 corpedo,
873 1669 968 1744 quae
991 1643 1115 1718 eadem
1139 1659 1227 1718 sunt
1250 1659 1357 1744 atque

185 1829 190 1842 .
285 1769 439 1862 λᾶφαιμοι
477 1772 602 1864 σαρκῶν
633 1773 794 1867 σύριγγες
826 1765 1059 1864 Empedoclis.
1126 1768 1357 1865 Quamquam
1473 1783 1474 1802 *

286 1889 385 1962 Plato
420 1913 492 1961 non
527 1889 715 1984 universe,
746 1904 791 1963 ut
818 1889 899 1980 ille,
923 1887 986 1960 sed
1012 1885 1214 1987 singulatim
1240 1888 1358 1959 omnia
1473 1993 1474 1996 Ἴ

287 2013 426 2111 attingit
447 2023 484 2085 et
505 2011 680 2118 subtiliter
701 2012 929 2112 persequitur
943 2017 1023 2080 W.

335 2135 416 2208 Post
454 2136 719 2234 respirationem
760 2145 931 2232 sequatur
968 2145 1012 2205 ut
1052 2128 1097 2204 de
1141 2128 1357 2202 alimento
1473 2121 1474 2186 l

285 2255 463 2346 dicemus,
487 2256 583 2356 quod
605 2253 835 2352 Empedocles
853 2257 971 2350 posuit
991 2255 1030 2326 in
1052 2277 1094 2326 eo
1115 2249 1212 2351 quod
1236 2251 1356 2322 similia

286 2373 329 2447 ad
362 2401 399 2450 se
430 2375 574 2449 trahant
605 2374 740 2447 similia.
790 2373 857 2446 Sed
889 2373 934 2446 de
958 2373 1023 2446 hoc
1043 2397 1160 2471 quum
1178 2395 1289 2470 supra
1315 2369 1357 2442 sit

285 2499 499 2595 expositum,
519 2501 701 2600 pergimus
725 2497 768 2571 ad
793 2523 928 2572 mneos.

773 2839 871 2922 §³4-

345 3105 407 3176 De
430 3101 615 3177 sensibus:
635 3099 810 3188 odoratu,
829 3073 1002 3198 grtstdtu,
1020 3097 1173 3186 auditu,
1191 3097 1300 3182 visu,

475 3248 653 3346 rebusque
677 3245 732 3317 od
752 3247 872 3317 visum
890 3243 1168 3340 pertinentibus.

334 3467 386 3538 De
410 3489 545 3538 sensu
573 3461 661 3563 quid
686 3461 854 3535 universe
878 3457 1085 3560 judicaverit
1109 3453 1355 3553 Empedocles,

284 3601 419 3662 tactum
451 3613 471 3660 a
507 3584 626 3673 nobis,
660 3581 728 3656 ubi
764 3581 810 3656 de
845 3585 939 3680 poris
972 3579 1222 3669 disseruimus3
1262 3575 1356 3650 undc

287 3723 454 3806 apparet,
491 3733 536 3782 ex
577 3706 654 3804 ejus
696 3705 870 3778 sententia
908 3699 1043 3802 percipi
1084 3713 1121 3773 st
1157 3696 1280 3772 sentiri
1316 3721 1355 3769 eo

321 3899 395 3964 (276)
412 3897 517 3967 Rupes.
534 3913 570 3950 vs
589 3896 652 3960 307.
675 3897 724 3948 etsi
741 3896 773 3947 de
795 3895 843 3947 alia
867 3911 895 3946 re
914 3895 1029 3964 loquens.

320 3989 392 4056 (πῃ)
407 3987 481 4040 Plato
497 3988 560 4040 Tim.
576 4005 604 4056 p.
618 4001 663 4053 793
679 3985 723 4036 ubi
741 3984 938 4054 Empedoclem
949 3981 1102 4036 senteutiam
1113 3982 1193 4048 tergit
1205 3978 1353 4038 suth-n,

287 4095 311 4146 p.
330 4079 385 4132 ³18.
