2952 4836
273 425 353 492 42⁴¹
665 439 713 491 DE
735 439 952 492 immicus
978 497 980 502 ,

271 607 388 708 θερείαν
412 608 448 686 te
474 615 533 682 'rot‘
555 609 672 705 mdc,
688 609 767 685 ’ὅταν
789 611 833 692 εἷς
852 611 891 685 rl
915 610 1082 708 κατωτέρω
1103 607 1265 708 βιάζηται
1283 621 1337 683 ⁹⁴.

271 733 294 804 i.
323 759 355 807 e.
383 733 561 807 »hiemem
581 733 676 822 oriri,
692 733 838 834 quando
855 738 916 807 aer
933 731 1163 807 crassitudine
1181 759 1245 806 sua
1267 737 1341 808 vin·

271 855 319 925 cit
338 853 431 954 ignis
449 855 600 930 calorem
622 868 660 930 et
683 855 721 926 in
742 855 961 952 superiorem
980 853 1160 951 regionem
1184 853 1344 945 enititum

272 987 458 1068 aestatem,
482 976 628 1077 quando
644 976 734 1076 ignis
759 975 868 1047 vincit
889 988 925 1047 et
947 967 1064 1048 aerem
1081 971 1250 1048 deorsum
1264 999 1342 1072 pre·

216 1123 222 1138 ⁸
270 1095 369 1169 mit.''
416 1101 522 1190 Quae
557 1097 661 1172 modo
683 1093 951 1196 appellabantur
972 1097 1172 1195 ἦμισφαίρια
1191 1101 1291 1195 πυρὸς
1310 1111 1343 1170 et

270 1215 385 1314 ἀέρος,
419 1219 477 1294 hic
506 1218 709 1319 simpliciter
741 1225 809 1315 πῦρ,
836 1231 873 1291 et
906 1220 964 1316 lclp
997 1233 1181 1294 vocantur.
1233 1218 1343 1292 Ambo

268 1343 370 1440 quasi
400 1342 586 1416 luctantur
621 1343 715 1415 inter
755 1367 792 1414 se
832 1355 869 1414 et
900 1367 965 1415 suo
988 1341 1159 1443 quodque
1186 1356 1343 1443 tempore

268 1477 409 1560 regnat,
435 1489 457 1537 e
484 1491 558 1564 qua
588 1465 814 1537 contentione
845 1463 962 1536 oritur
987 1465 1125 1536 aestatis
1154 1477 1192 1537 et
1219 1463 1343 1538 hiemis

265 1584 481 1658 vicissitudo.
524 1583 581 1658 Ab
601 1584 726 1658 eadem
745 1599 809 1657 aut
824 1583 929 1657 simili
946 1609 1066 1658 cauma
1082 1583 1238 1660 diversas
1253 1612 1343 1686 quo·

265 1731 338 1805 que
362 1721 553 1781 ventorum
575 1705 681 1780 flatus
701 1709 864 1806 repetiit,
885 1721 929 1780 ut
952 1706 1045 1779 infra
1073 1707 1342 1783 videbimus⁹⁵.

263 1831 321 1902 Ex
349 1826 404 1902 his
433 1827 524 1904 effici
549 1843 665 1930 potest
687 1827 913 1929 Empedoclis
935 1829 1043 1904 talem
1068 1830 1179 1904 fnisse
1197 1847 1343 1906 senten-

260 1951 367 2025 tiam:
398 1952 468 2028 diei
500 1967 536 2027 et
566 1951 680 2028 noctis
706 1953 866 2053 annique
894 1967 1101 2051 temporum
1131 1955 1341 2028 mutationes

262 2071 351 2148 ellici
376 2099 449 2148 non
465 2087 608 2148 tantum
631 2075 710 2150 solis
731 2089 851 2166 motu,
874 2099 1016 2148 accessu
1039 2089 1076 2148 et
1090 2075 1263 2167 discessu,
1283 2075 1341 2150 sed

262 2197 382 2294 ipsum
410 2221 558 2298 quoque
580 2195 719 2270 coelum
742 2195 897 2268 divisum
925 2221 1000 2268 esse
1030 2197 1068 2268 in
1093 2197 1197 2271 orbes
1218 2197 1342 2272 diver-

260 2345 334 2411 sos,
375 2322 486 2394 aerios
520 2333 557 2392 et
587 2318 731 2416 igneos,
768 2315 845 2388 illos
872 2341 1002 2390 crassos
1027 2333 1064 2390 et
1099 2344 1244 2418 opacos,
1282 2321 1341 2395 hos
1467 2399 1468 2410 χ

259 2467 401 2516 serenos
424 2456 460 2516 et
483 2437 638 2531 lucidos,
663 2442 729 2538 qui
754 2439 888 2536 pariter
911 2453 956 2510 nt
980 2437 1029 2512 sol
1052 2441 1188 2514 circum
1209 2455 1340 2516 terram

260 2563 452 2638 volvantur
479 2589 520 2635 ac
543 2562 640 2634 statis
660 2556 881 2657 temporibus
906 2585 1006 2632 nunc
1025 2561 1138 2653 diem,
1162 2589 1264 2637 nuno
1286 2579 1341 2637 te-
1466 2553 1467 2569 ¹

259 2683 406 2776 nebras,
442 2711 542 2757 nunc
569 2682 739 2770 calorem,
772 2705 873 2752 nunc
906 2681 1019 2779 frigus
1046 2683 1235 2758 advehant.
1286 2690 1339 2760 Eo

259 2819 415 2903 spectare
438 2806 581 2882 videtur
601 2802 699 2904 quod
717 2798 948 2899 Empedocles
969 2805 1006 2874 in
1026 2807 1183 2880 carmine
1202 2809 1249 2882 de
1266 2809 1340 2882 ele-

257 2928 383 2998 mentis
409 2926 493 2999 dicit
510 2929 567 2996 9⁶:

357 3043 389 3121 ἓν
414 3045 451 3123 δὲ
475 3049 565 3144 μέρει
589 3047 763 3144 κρατέουσι
788 3047 1037 3143 περιπλαμένοιο
1062 3057 1193 3126 nomon
1218 3095 1267 3111 -

257 3195 368 3268 quam
397 3171 608 3243 sententiam
641 3170 787 3243 fortasse
817 3168 854 3238 in
880 3169 945 3242 alia
972 3172 1139 3246 carminis
1161 3190 1264 3273 parte
1283 3179 1337 3251 la·
1462 3179 1463 3207 ¹

258 3292 330 3365 tius
362 3293 575 3388 exposuerit.
625 3291 823 3364 Geminum
852 3287 938 3364 huic
960 3305 1012 3364 est
1034 3293 1336 3393 Pythagoreorum
1461 3309 1462 3312 ’

290 3485 348 3553 (94)
364 3484 494 3538 Plutarch.
513 3485 580 3538 Plsc.
598 3485 660 3555 phil.
682 3487 731 3538 tlt.
751 3485 782 3545 ὓς
799 3481 911 3534 Galenus
924 3483 990 3544 XX,
1004 3501 1028 3553 p.
1042 3485 1073 3545 ira
1086 3487 1122 3548 u;
1133 3487 1259 3542 Stobaens
1274 3492 1334 3544 tett-
1460 3447 1461 3470 l

257 3573 334 3642 Phys.
342 3575 364 3636 l,
375 3587 401 3644 p.
411 3575 472 3641 2623
482 3575 558 3627 ambo
568 3576 723 3645 posteriores
734 3573 822 3638 tegunt
833 3574 970 3643 ἀνότερον
981 3583 1008 3627 ct
1020 3575 1185 3648 sarirepov.
1198 3581 1333 3637 Caeterum
1459 3585 1460 3592 ’

257 3667 336 3719 dictio
355 3683 448 3736 parum
466 3666 592 3718 concinna
610 3675 663 3723 ests
683 3667 838 3732 βιάζεσθαι
859 3669 926 3718 enirn
946 3667 1031 3736 primo
1050 3669 1108 3722 locu
1128 3673 1237 3734 nentri,
1253 3675 1333 3728 altero

256 3758 341 3810 activis
362 3763 490 3826 potestate
505 3759 627 3825 positum:
649 3763 690 3818 stc
708 3761 873 3828 consortes·
884 3762 1070 3826 βιαζομένου,
1085 3763 1104 3814 i.
1115 3780 1225 3829 equs·
1237 3783 1336 3818 nrm

254 3849 385 3908 ssitotm
407 3849 477 3900 ὅταν
495 3851 536 3908 εἰς
553 3852 586 3902 τὸ
607 3857 750 3922 κατωτέρω
769 3856 905 3921 βιάζηται
924 3852 984 3922 (τὸν
1006 3852 1104 3924 ἀὶρα),
1127 3871 1200 3920 quun
1224 3859 1336 3908 deorsum
1457 3865 1458 3898 t

163 3949 173 3974 ··
255 3943 328 4002 captat
345 3943 426 3988 utrm
434 3963 444 4002 ‚·
462 3949 507 3991 snt
521 3942 540 3990 si
556 3945 636 3995 mavis
648 3947 762 4013 passive:
778 3947 911 4014 βιάζηται
929 3947 942 3996 t
961 3949 1012 4016 ἀὴρ
1020 3985 1028 4010 ,
1041 3948 1155 4000 deorsum
1165 3954 1271 4012 copulas·
1284 3950 1333 3998 se'r.

288 4024 346 4090 (95)
364 4027 422 4080 vid.
441 4029 509 4081 infra
527 4030 542 4098 §
562 4031 607 4094 sb,
625 4042 678 4086 not.
700 4034 752 4097 rte.

287 4113 688 4193 totillimped.vs.116,quorl
709 4126 780 4192 tetigi
800 4143 878 4198 supra
899 4145 923 4196 p.
944 4127 1001 4180 304.
