2952 4836
571 373 812 424 rumosormt.
1167 355 1233 422 ³69

151 541 167 614 ὁ
194 539 348 636 Ἐφέσιος
367 542 443 614 ¹⁶⁹.
496 538 699 614 »Mundum
722 553 851 614 uatum
865 564 942 614 esse
958 561 1083 612 omnes
1096 533 1247 638 physici,

149 665 296 754 dicunt,
328 659 388 735 sed
416 674 542 734 natum
570 659 628 734 alii
658 687 797 760 semper
825 661 957 738 durare
985 673 1149 756 censent,
1172 657 1235 734 alii

152 787 301 860 interire
321 795 365 858 ut
382 783 485 858 aliam
505 781 703 884 quamlibet
723 797 874 860 naturae
892 810 986 876 rem,
1007 785 1067 858 alii
1088 783 1233 858 alternis

152 906 258 982 modo
282 905 320 979 in
347 905 454 1000 hano,
479 905 582 982 modo
605 907 643 978 iu
668 905 764 980 illam
788 903 924 980 mutari
947 907 1116 1006 figuram,
1131 903 1234 980 iden·

151 1027 263 1104 tidem
298 1041 560 1120 senescentem3
592 1051 745 1126 eamque
781 1025 1060 1104 vicissitudinem
1094 1051 1236 1125 semper

150 1150 305 1243 durare,
345 1147 438 1224 sicut
468 1146 698 1248 Empedocles
730 1162 767 1224 et
802 1147 1003 1223 Heraclitus
1033 1145 1234 1222 statuunt.''

151 1271 385 1348 Manifestum
409 1285 479 1362 est,
504 1270 726 1346 Aristotelem
753 1271 891 1344 nullam
916 1272 975 1342 hic
997 1271 1103 1344 aliam
1127 1267 1237 1346 vicis·-

151 1392 347 1468 situdinem
373 1407 530 1492 spectare
556 1393 623 1466 nisi
648 1391 836 1469 Amicitiae
870 1406 907 1466 et
937 1391 1136 1468 Discordiae
1159 1392 1236 1464 sire

152 1516 266 1590 unius
288 1529 326 1588 et
349 1513 566 1599 multorum,
590 1541 701 1614 quam
726 1515 940 1588 sententiam
955 1513 1055 1588 Plato
1071 1511 1238 1612 quoque,

152 1647 329 1732 utsupra
355 1633 524 1726 vidimus,
552 1633 759 1733 Empedocli
784 1650 820 1708 et
844 1633 1041 1729 Heraclito,
1070 1635 1237 1734 quamvis

153 1755 273 1856 aliquo
298 1781 383 1830 cum
408 1755 627 1846 discrimine,
654 1755 736 1830 facit
761 1783 992 1832 communem
1008 1766 1087 1832 ¹⁷⁰.

651 2053 749 2138 §aa

268 2297 330 2368 De
355 2295 488 2370 mundo
514 2297 679 2396 duplici,
706 2297 961 2394 ololnrpioet
992 2299 1130 2396 νοητῷ.

205 2493 289 2568 Jam
311 2506 525 2596 quaeratur,
549 2497 631 2596 quis
652 2498 696 2570 sit
712 2522 837 2572 sensus
853 2495 954 2569 istius
970 2493 1088 2594 placiti
1104 2492 1241 2592 quidve

156 2617 224 2692 sibi
250 2614 336 2692 velit
359 2614 484 2690 hocce:
511 2617 725 2692 universum
750 2615 854 2691 modo
878 2616 918 2688 in
942 2640 1063 2690 unum
1083 2614 1162 2715 cogi
1177 2639 1243 2714 per

156 2738 378 2831 Amicitiam,
403 2735 509 2810 modo
534 2739 573 2810 in
599 2737 712 2814 multa
740 2739 778 2838 (i.
805 2765 839 2814 e.
865 2751 1023 2840 quatuor
1048 2735 1241 2832 clementa)

157 2858 268 2935 dividi
282 2883 348 2958 per
360 2859 588 2934 Discordiam.
619 2859 802 2935 Neutrum
820 2862 918 2934 enirn
936 2859 1067 2934 horum
1085 2860 1123 2932 in
1141 2857 1242 2934 huno

158 2979 343 3056 mundum
371 2983 563 3056 convenire
599 2981 755 3074 videtur,
787 2985 853 3082 qui
885 3007 1007 3084 neque
1038 2995 1091 3055 est
1121 3007 1244 3056 unum

158 3102 248 3202 quid
275 3115 313 3176 et
335 3104 488 3202 simplex
512 3121 635 3205 neque
659 3105 854 3179 discretum
878 3117 915 3178 et
939 3103 1147 3203 multiplex,
1180 3101 1243 3178 sed

161 3239 330 3324 utroque,
351 3227 519 3300 varietate
541 3239 578 3298 et
599 3223 798 3310 harmonia,
820 3239 1073 3327 temperatum.
1120 3225 1244 3317 Quae-

158 3345 224 3418 stio
249 3345 338 3418 haec
361 3345 521 3420 multum
545 3346 672 3446 agitata
697 3361 751 3420 est
774 3345 820 3420 ab
841 3337 1116 3448 interpretibus,
1134 3373 1243 3447 prae-

190 3537 264 3606 (169)
284 3540 390 3591 Aristot.
410 3537 444 3592 de
463 3539 533 3593 coer.
554 3543 582 3600 1,
602 3556 638 3591 ro.
660 3557 685 3608 p.
706 3541 756 3610 349
773 3543 799 3593 Β.
819 3541 850 3593 cl.
867 3540 967 3613 Philop
990 3543 1063 3603 λύσις
1080 3543 1123 3610 κζ’
1146 3547 1197 3596 τοῦ
1217 3539 1239 3597 e'

160 3629 259 3696 λόγου,
278 3645 312 3682 ex
330 3629 400 3682 Alex.
419 3631 518 3683 comm.
534 3630 567 3684 de
584 3632 662 3684 Coelo
679 3635 697 3684 l.
717 3633 844 3686 stobaeue
859 3634 924 3686 Eoll.
941 3634 1017 3702 Phys.
1036 3637 1059 3696 l,
1079 3651 1116 3686 ar.
1137 3652 1161 3704 p.
1182 3635 1246 3696 tre:

159 3719 358 3790 Ἐμπεδοκλῆς
383 3725 432 3774 τὸν
457 3723 556 3786 κόσμον
578 3727 752 3793 φθείρεσθαι
777 3728 848 3777 κατὰ
864 3729 917 3794 τὴν
938 3725 1171 3795 ἅντεπικράτειαν
1191 3729 1242 3776 τοῦ

160 3821 268 3874 νείκους
285 3819 333 3868 nel
351 3821 400 3884 τῆς
419 3817 519 3877 φιλίας.

191 3911 266 3976 (¹7⁰)
283 3907 350 3960 unta
364 3908 482 3959 Sturriar
495 3907 601 3976 Emped.
615 3925 640 3977 p.
654 3909 702 3972 273
714 3925 752 3980 eq.
772 3909 925 3971 erbitretur,
938 3907 1101 3962 Aristotelem
1118 3908 1168 3961 hoe
1185 3910 1243 3962 loeo

158 3997 320 4066 significasse,
333 3997 449 4068 utrique,
462 3997 594 4050 Heraclito
609 4005 635 4050 et
648 3999 807 4069 Empedocli,
822 3999 946 4068 placitum
959 3997 990 4050 de
1003 3998 1092 4048 mundi
1105 3999 1243 4064 conflagra-

160 4089 231 4140 tione
240 4087 316 4140 fu'rsse
329 4103 472 4140 commune.
784 4094 787 4102 ’

211 4177 275 4252 111.
1055 4179 1100 4272 24
