2952 4836
270 415 334 476 tto
665 416 712 477 nu
733 429 950 478 uursuocus

268 593 406 695 spexit,
434 609 476 668 ut
503 597 653 688 ossium,
677 594 930 695 plerarumque
956 606 1077 666 tamen
1099 593 1239 670 nullam
1259 595 1347 670 lecit

270 717 499 790 mentionem.
535 714 636 790 Idem
655 715 860 790 Aristoteles
877 715 952 788 allis
967 713 1051 788 lucis
1060 713 1156 807 dicit,
1165 715 1269 790 velut
1282 715 1348 792 ubi

267 835 316 912 de
342 836 552 912 animalium
579 835 739 936 pertibus
761 861 960 938 earumque
982 847 1104 912 mussa
1122 849 1160 911 et
1183 861 1255 911 usu
1274 837 1346 912 dis·

267 960 372 1033 serit:
404 957 500 1061 οἰρχῆ
527 960 547 1049 οἱ
572 963 706 1054 φύοιι
734 962 868 1056 μᾶλλον
898 961 956 1050 τῆι
986 955 1106 1048 ὅλην·
1140 956 1282 1060 ἐνιαχοῦ
1308 957 1347 1036 δέ

266 1107 331 1156 πον
360 1083 445 1180 scirpi
470 1082 529 1182 (τῇ
555 1085 671 1181 Φύσει)
693 1083 751 1156 καὶ
773 1079 1000 1180 Ἐμπεδοκλῆς
1025 1082 1233 1180 περιπίπτει,
1256 1081 1346 1182 ἀγί-

262 1231 357 1300 μενοι
379 1202 436 1280 ὑπ’
454 1207 555 1294 mirsia
575 1209 634 1296 τῆι
652 1202 821 1299 dinisius,
840 1208 897 1282 ιιιι)
919 1207 975 1298 τὴν
992 1208 1102 1284 adeius
1120 1209 1177 1282 nal
1198 1207 1255 1300 rip
1275 1212 1345 1304 dd·

263 1353 316 1402 τιν
334 1325 568 1428 ιἰνοιγνιέζιτοιι
585 1325 692 1423 qaas
711 1329 766 1404 τοι
783 1327 907 1427 λόγον
924 1323 1019 1421 εἶναι,
1037 1323 1100 1408 οἷον
1117 1330 1235 1404 ὂντοῦν
1255 1329 1345 1406 ἆτο-

264 1447 378 1533 letata
398 1451 433 1525 ri
455 1448 555 1526 ἔστιν·
575 1453 652 1524 οὔτέ
673 1449 743 1550 γὶιρ
761 1448 796 1526 ἕν
814 1479 847 1526 τι
865 1455 926 1526 τᾶν
943 1453 1120 1552 στοιχείων
1136 1457 1231 1553 λέγει
1249 1455 1345 1548 οὔτι,

264 1577 342 1647 οὔτε
360 1569 420 1648 δύο
442 1569 460 1665 ἢ
482 1575 573 1670 τρὶιι,
594 1575 671 1647 οὔτε
690 1569 823 1666 πάντα,
842 1572 937 1650 ἄλλοι
954 1575 1082 1674 λόγον
1099 1580 1171 1666 τῆς
1192 1577 1356 1672 pileus

264 1699 378 1770 auludu'
406 1695 502 1785 δῆλον
528 1695 653 1787 τοίνυν,
685 1695 737 1772 ὅτι
767 1699 825 1770 ml
858 1697 989 1796 ἧπὶιρξ
1018 1699 1073 1774 τοι
1103 1699 1201 1773 uhta
1223 1699 1343 1798 τρόπον

263 1816 338 1894 ἔστι
370 1819 427 1894 tul
458 1821 520 1894 τῶν
555 1817 665 1895 ἄλλων
702 1823 765 1894 τῶν
794 1825 946 1894 τοιούτων
978 1822 1094 1918 μορίων
1126 1818 1272 1897 taurea
1285 1827 1341 1898 ⁴⁸.

262 1937 455 2041 Pleraeque
493 1965 579 2014 vero
614 1941 758 2015 illarum
792 1942 950 2040 partium
980 1941 1234 2041 Empedoclem
1268 1969 1341 2018 non

262 2061 398 2136 ratione
419 2061 617 2164 modoque,
638 2062 699 2139 sed
723 2064 815 2137 forte
841 2077 877 2136 et
900 2089 985 2139 casu
1002 2063 1169 2138 formatus
1188 2064 1340 2156 dixisse,

263 2210 335 2257 nun
363 2167 492 2259 semel
509 2184 839 2277 animadvertit⁴⁹;
876 2185 938 2260 sed
956 2183 1017 2258 -ds
1050 2183 1105 2258 his
1137 2186 1341 2287 singulatim

261 2306 355 2380 inira
377 2305 509 2380 dicturi
529 2330 657 2398 sumus
671 2313 729 2379 ⁵⁰.
779 2307 836 2380 Ex
858 2305 901 2379 iis
921 2331 1006 2381 vero
1022 2332 1117 2407 quae
1137 2306 1244 2380 attuli
1262 2310 1344 2381 satis

262 2425 376 2527 colligi
400 2439 532 2525 potest,
547 2425 800 2524 Empedoclem
821 2425 867 2499 de
892 2425 1103 2502 animalium
1124 2443 1342 2502 ceterarum·

261 2573 335 2650 que
357 2573 481 2622 rerum
509 2547 730 2621 naturalium
751 2561 949 2630 structura,
980 2547 1009 2619 si
1032 2547 1207 2622 nonnulla
1237 2573 1343 2623 accu-

261 2673 396 2761 ratius,
417 2669 590 2769 pleraque
610 2681 731 2742 tamen
758 2691 886 2767 parum
908 2666 1002 2768 juste
1023 2668 1244 2770 explicuisse.
1291 2671 1341 2743 Si·

260 2791 392 2878 militer
424 2791 588 2890 plerique
618 2789 854 2883 veteriorum3
884 2790 1009 2865 sedulo
1037 2791 1185 2893 quidem
1209 2789 1263 2865 illi
1283 2793 1342 2865 iu-

259 2911 453 3011 quirebant
481 2916 520 2986 in
551 2935 675 2985 rerum
702 2911 876 2985 elementa
902 2913 1036 3012 quibus
1061 2939 1230 3015 quaeque
1252 2941 1343 2988 cou-

260 3047 409 3127 storeut,
446 3032 506 3108 sed
541 3057 671 3130 parum
701 3032 936 3108 attendebant
969 3036 1141 3108 rationem
1171 3049 1207 3110 et
1230 3037 1340 3110 finem
1465 3065 1466 3124 3

259 3179 333 3254 quo
349 3181 517 3256 quaeque
541 3153 742 3228 tenderent.
793 3155 1006 3255 Diligentius
1028 3157 1065 3230 id
1080 3159 1342 3257 quaesiverunt

260 3278 437 3368 Socratici,
469 3301 691 3378 quamquam
718 3275 757 3350 hi
785 3279 898 3376 magis
923 3279 1086 3354 animum
1111 3294 1148 3354 et
1171 3279 1339 3354 muralem

259 3395 337 3498 ejus
358 3424 399 3471 ac
420 3397 559 3474 civilem
575 3397 812 3474 conditionem
830 3411 1049 3498 spectarunt,
1067 3399 1248 3503 physicam
1261 3429 1340 3501 par·

258 3534 333 3595 tem
350 3521 471 3594 minus
486 3535 672 3594 curarunt
703 3520 805 3594 Hanc
822 3521 1014 3618 praecipue
1030 3519 1230 3620 exploravit
1248 3525 1340 3598 Aris·

259 3639 400 3732 toteles,
422 3642 488 3742 qui
517 3639 682 3714 omnium
715 3666 838 3714 rerum
863 3654 996 3714 certum
1019 3643 1192 3718 rationem
1210 3643 1339 3743 (λόγον)

259 3787 334 3838 esse
365 3761 505 3854 statuit,
532 3789 552 3834 a
584 3759 762 3864 cujusque
789 3777 951 3838 natura
973 3776 1010 3836 et
1033 3761 1128 3839 fine
1161 3766 1336 3840 coustitu-

292 3965 352 4030 (48)
369 3961 474 4014 Ατῐιιοι.
491 3958 525 4012 de
542 3959 611 4011 Part
632 3957 739 4012 Animal.
762 3961 791 4024 1,
813 3977 832 4012 r.
854 3977 880 4031 p.
900 3960 948 4028 ⁷³9
965 3963 992 4014 Β.

291 4053 351 4120 (ts)
370 4050 439 4104 ¹bid·
458 4065 486 4118 r·
504 4049 551 4113 νῦν
571 4049 607 4110 Er
626 4047 698 4116 Phra
721 4051 748 4111 ι,
770 4049 792 4112 t.
816 4065 842 4119 p.
865 4049 912 4102 asu
929 4051 956 4103 s.

292 4139 351 4208 (50)
371 4139 429 4192 ud.
449 4137 517 4190 infru
540 4138 552 4200 i
573 4141 610 4190 at.
