2952 4836
538 409 777 458 nummorum.
1137 395 1203 460 395

107 587 232 646 umen
275 575 314 644 in
356 586 505 647 naturae
540 573 771 673 descriptione
804 575 846 646 iis
873 573 981 660 ‚velut
1014 575 1199 673 particulis
1308 635 1312 646 .

106 697 231 768 utitur
252 707 266 742 ¹
278 703 312 771 ³.

156 819 216 889 Ex
258 815 327 889 hae
363 832 484 891 autem
522 793 780 890 elementorum
820 817 981 889 mistione
1017 819 1196 916 quomodo

107 939 206 1010 varia
248 963 375 1010 rerum
411 965 540 1036 genera
577 934 802 1011 naseuntur?
832 938 981 1012 Censuit
1005 941 1196 1026 nimirum,

110 1057 228 1132 varias
266 1060 527 1134 elementorum
559 1060 748 1160 qualitates
778 1074 815 1133 et
845 1076 962 1158 partes
993 1061 1076 1134 alias
1109 1087 1197 1133 oon-

108 1205 245 1278 gruere
269 1179 364 1254 inter
385 1207 441 1272 se,
461 1181 543 1255 alias
562 1183 777 1280 discrepare:
804 1181 1127 1282 quemadmodum,
1154 1195 1198 1254 ut

107 1303 223 1400 ipsius
256 1317 340 1376 utar
372 1303 549 1402 exemplo,
575 1330 777 1404 aqua-cum
802 1305 886 1376 vino
910 1303 1042 1402 optime
1067 1303 1195 1376 misce-

109 1436 183 1518 tur,
204 1450 294 1497 eum
317 1423 392 1498 oleo
414 1451 486 1498 non
508 1425 589 1498 vult
604 1435 658 1517 ¹4,
683 1425 732 1498 sic
752 1427 790 1498 in
810 1437 882 1498 tota
905 1439 1033 1498 natura
1055 1439 1092 1498 et
1111 1451 1194 1498 oon·

109 1545 315 1618 sensionem
351 1572 474 1620 rerum
509 1563 545 1621 et
575 1545 827 1620 dissensionem
860 1547 969 1620 osmi.
1022 1545 1116 1618 Haec
1145 1559 1197 1620 est

108 1679 245 1741 mutua
281 1667 541 1758 elementorum
573 1668 778 1768 ἀναλογίαν
799 1667 979 1744 veteribus
1001 1667 1197 1766 appellata,

109 1813 183 1887 qua
217 1791 403 1866 variarum
427 1817 551 1864 rerum
574 1817 704 1889 genera
732 1790 813 1891 aptal
838 1790 1009 1889 temperie
1032 1787 1198 1864 efficiun-

109 1923 182 1984 tur.
238 1913 297 1985 Sic
324 1911 369 1986 de
394 1913 608 2012 Empedocle
630 1913 798 1988 Stobaeus
811 1921 850 1964 ¹⁵
862 1937 869 1982 ε
894 1909 932 1987 ἐν
953 1911 1121 2012 τεσσάρων
1144 1910 1198 1987 οὖν

110 2037 296 2134 στοιχείων
316 2037 355 2112 τὸ
379 2040 466 2128 τᾶν,
483 2039 541 2126 τῆς
560 2041 682 2112 τούτων
703 2033 836 2131 φύσεως
858 2031 895 2125 ἐξ
915 2031 1059 2110 ἐναντίων
1079 2061 1198 2110 συνεσ-

111 2154 243 2252 τώσης,
277 2160 447 2258 ξηρὸτντὸς
477 2186 516 2236 τε
546 2161 603 2234 καὶ
633 2159 812 2258 ὑγρότητος
833 2158 890 2232 κον)
917 2153 1113 2254 θερμότητος
1141 2159 1198 2230 καὶ

111 2273 362 2382 ψυχρότητος,
395 2283 459 2358 ὑπὸ
480 2286 537 2372 τῆς
559 2283 657 2379 πρὸς
683 2281 852 2368 ἄλληλα
880 2277 1115 2378 ἀναλογίας
1138 2282 1198 2353 soal

113 2402 261 2500 κράσεως
281 2404 589 2506 ἒξστεργαζσμέννς
612 2405 650 2478 τὶν
672 2407 752 2478 τᾶν.

159 2527 238 2604 Hae
256 2528 516 2603 elementorum
534 2526 591 2602 vel
611 2524 857 2602 convenientia
877 2521 935 2598 vel
954 2522 1194 2620 repugnantid

111 2646 271 2734 efficitur
297 2649 401 2744 illud,
432 2647 530 2750 quod
558 2662 602 2722 ut
634 2646 692 2720 alii
722 2660 859 2722 veteres
890 2647 939 2717 sic
964 2624 1205 2741 Empedocles

112 2793 262 2871 quoque
282 2773 320 2844 in
343 2749 476 2846 natum
494 2771 639 2845 maximi
660 2795 735 2844 esse
757 2767 918 2868 putavit:
950 2780 994 2840 ut
1022 2763 1194 2838 similia

112 2907 332 2990 appetent
358 2893 544 2989 similia,
575 2893 756 2993 fugiant
792 2890 1029 2964 contraria.
1080 2884 1194 2986 Cujus

112 3011 232 3109 placiti
249 3017 347 3090 testis
367 3031 420 3091 est
437 3015 638 3091 Aristoteles
659 3015 793 3088 dicens:
817 3009 1029 3109 Ἡράκλειτός
1051 3015 1135 3105 φησι
1154 3009 1193 3082 τὸ

114 3131 266 3230 νἰντὶξονν
287 3145 457 3236 σῦμφερσν
479 3140 536 3213 aul
557 3134 596 3212 ἓν
616 3141 678 3212 τῶν
698 3135 912 3234 διαφερόντων
933 3135 1114 3220 καλλίστην
1133 3131 1193 3227 σξρ-

114 3261 225 3348 μονὶαν
246 3264 304 3337 aul
329 3259 446 3338 πάντα
467 3261 546 3337 κατ’
569 3265 628 3359 ἐ’ρνν
654 3257 811 3360 γίνεσθαι·
832 3255 870 3350 ἐξ
890 3255 1034 3336 taurios
1056 3251 1092 3332 dl
1115 3259 1194 3328 τού-

115 3407 181 3462 τοις
214 3385 313 3460 ἄλλον
347 3413 386 3458 τε
415 3387 472 3460 κστ)
501 3383 737 3481 Ἐμπεδοκλῆς·
770 3385 815 3458 τὸ
844 3382 913 3482 γὰρ
942 3381 1085 3478 ὅμοιον
1117 3385 1191 3452 τσῦ

116 3558 238 3617 corrupte
258 3551 352 3616 legitur
373 3551 399 3601 in
419 3549 490 3602 Stob.
513 3551 566 3602 Ecl.
588 3553 617 3613 l,
641 3569 668 3620 p.
688 3553 754 3607 358,
776 3561 802 3604 et
824 3551 914 3604 Galen.
936 3549 1003 3602 unt.
1026 3549 1090 3615 pttt.
1108 3565 1128 3598 o
1155 3563 1190 3597 rr.

116 3635 188 3690 latud
206 3641 329 3709 ἀλλήλων
346 3643 574 3708 μεταλαμβάνειν
589 3641 661 3694 idem
673 3642 798 3708 significat
815 3641 885 3712 quod
902 3640 1009 3693 inferius
1027 3641 1056 3692 lv
1066 3637 1192 3707 ἀλλήλοις

116 3728 288 3804 ἒννπάρχενν.
306 3735 319 3797 3
338 3752 385 3798 ao,
401 3747 455 3786 not.
474 3734 505 3786 33
522 3751 559 3804 sq.
1240 3741 1242 3744 '

147 3823 203 3892 (13)
220 3825 326 3894 Emped.
345 3843 392 3877 vss.
414 3843 477 3888 ara,
496 3841 543 3889 27⁰
562 3841 598 3893 sq.
623 3823 743 3875 326-328.
763 3821 796 3873 el.
815 3825 919 3874 tristor.
939 3822 1006 3872 inira
1025 3829 1079 3872 not.
1099 3820 1140 3887 39.

147 3912 294 3978 (rt)1dem
313 3931 342 3966 vs
371 3930 427 3978 272.

149 4001 204 4066 (ιὸ)
223 3983 348 4056 Stobaeus
375 4005 428 4056 Eel.
459 4007 534 4072 Phys.
562 4005 590 4056 T.
619 4005 649 4062 l,
671 4020 700 4072 p.
717 4005 779 4064 aas,
805 4002 899 4052 citatus
921 4001 972 4067 jam
990 3991 1067 4069 supr'a
1086 4017 1111 4068 p.
1134 4000 1190 4060 tt».

116 4085 242 4147 Plutarch.
262 4105 291 4144 c:
304 4093 386 4147 Colat
403 4096 431 4147 Τ.
452 4096 496 4157 ll,
516 4111 543 4162 p.
566 4109 625 4144 rna
647 4096 682 4155 A3
703 4092 757 4145 Vol.
778 4093 814 4154 X,
835 4109 860 4160 p.
882 4089 929 4154 573
950 4087 1034 4142 Reisl.
