2958 4822
488 357 571 406 vrrs
593 359 639 406 nr
665 357 807 406 eronus.
1139 343 1179 406 66

117 527 321 627 Tragoedias
346 536 468 598 autem
491 521 735 624 intelligentur
760 549 833 597 non
856 523 980 624 quales
1004 527 1042 597 in
1066 525 1180 598 Attica

117 675 209 724 mena
232 645 431 722 celebratae
454 656 556 738 sunt,
580 643 642 720 sed
665 641 825 720 rudiores
842 641 938 740 illac,
957 643 1081 746 queles
1097 659 1180 720 ante

117 769 262 869 lbespin
280 795 301 842 a
322 764 461 868 tragicis
481 763 596 838 choris
618 763 699 839 cani
718 762 841 840 solitae
856 789 924 842 nec
939 779 1058 866 postea
1073 765 1180 868 plane

117 889 370 967 obsoleverunt.
396 885 471 962 Hoc
487 884 748 988 tragoediarum
763 910 894 986 genus,
908 885 1007 989 qnod
1020 887 1181 964 medium

119 1013 184 1088 lere
203 1025 283 1087 erut
303 1011 399 1084 inter
419 1009 646 1084 dramaticum
669 1007 792 1108 poesin
812 1021 850 1083 et
873 1006 1182 1111 dithyrambioam,

119 1135 302 1234 praecipue
325 1133 364 1206 in
388 1131 526 1206 Doricis
547 1127 751 1205 civitatibus
768 1143 806 1204 et
825 1131 864 1204 in
890 1155 1019 1230 magna
1037 1131 1183 1206 Graecia

118 1281 180 1331 usn
205 1253 363 1357 viguisse
390 1251 813 1348 videtur1v3simittter
833 1249 1094 1353 Xenophanes,
1116 1252 1182 1354 qui

117 1381 192 1454 item
208 1376 256 1452 de
277 1403 402 1453 rerum
422 1389 552 1452 natura
572 1373 717 1468 cecinit,
732 1375 819 1450 item
837 1373 1008 1454 insicilie
1023 1386 1184 1452 versatus
1250 1367 1252 1378 '

118 1515 181 1596 est,
206 1498 404 1602 tragoedias
429 1522 576 1602 quoque
602 1495 750 1574 edidisse
782 1496 911 1574 fertur.
967 1494 1128 1598 Uterque
1155 1497 1185 1570 si

118 1649 180 1698 non
203 1621 375 1696 inclaruit
399 1622 439 1694 in
464 1647 506 1696 eo
528 1644 679 1722 genere,
707 1633 828 1694 tamen
854 1618 1050 1722 quominus
1075 1631 1187 1694 tenta·

118 1746 218 1838 rerit,
240 1741 345 1818 nulla
369 1743 458 1818 ratio
482 1741 627 1820 ridetur
650 1739 788 1816 obstare
806 1744 885 1814 ¹⁸⁸.

157 1861 333 1943 nuncet.
383 1863 637 1966 Empedoclem
658 1861 766 1938 rebus
780 1861 931 1964 publicis
946 1865 1111 1992 gerendis
1127 1865 1186 1966 ju·
1255 1841 1260 1847 ⁵

117 2011 238 2064 verrem
262 2013 301 2062 se
317 1983 454 2062 dedisse
469 1999 507 2061 et
522 1985 562 2059 in
577 1985 895 2085 Agrigentinorum
915 1985 1057 2063 civitate
1072 1985 1187 2062 multa

117 2109 235 2208 egisse,
260 2107 415 2184 ostendit
435 2107 515 2210 ejus
536 2108 620 2182 rita.
670 2106 845 2202 Quocirca
867 2131 941 2181 non
964 2105 1186 2203 mirandum,

117 2251 216 2325 enm,
247 2244 292 2304 ut
323 2227 473 2304 Athenis
502 2227 682 2320 Solonem,
717 2225 879 2304 versibus
904 2227 998 2302 circs
1022 2253 1104 2304 suos
1129 2229 1186 2303 rel

117 2347 154 2422 ad
185 2349 312 2425 civiles
344 2349 496 2428 virtutes
525 2347 710 2424 hortatum
740 2373 815 2422 esse
849 2345 905 2424 rel
932 2361 1116 2448 praecepta
1141 2347 1186 2422 de

118 2467 291 2571 republica
315 2467 510 2546 ordinanda
533 2471 576 2546 iis
599 2468 793 2544 tradidisse.

156 2588 308 2692 Περσικά
332 2592 407 2672 sive
427 2593 546 2692 Ξέρξου
566 2589 742 2690 διάβασις.
792 2592 930 2668 Xerxes
948 2591 987 2666 in
1003 2593 1188 2668 Graeciam

117 2717 239 2792 inarsit
260 2713 330 2792 snb
355 2715 603 2818 Olympiadem
627 2715 691 2818 75,
713 2713 932 2792 adolescente
955 2712 1186 2816 Empedocle:

117 2861 183 2936 qua
211 2838 395 2916 invasione
427 2837 522 2914 illius
557 2838 739 2930 animum,
770 2833 941 2916 libertatis
975 2862 1094 2912 amore
1118 2833 1187 2910 fla·

119 2972 294 3056 grentem,
325 2957 576 3037 vehementius
598 2971 817 3038 commotum
844 2957 972 3053 finos,
1007 2957 1111 3034 laoile
1136 2973 1189 3034 est

147 3173 216 3241 (187)
235 3171 342 3228 Debeo
362 3191 456 3242 gnere
475 3176 525 3229 rid.
545 3173 691 3229 Bosekbl.
712 3175 736 3227 l.-
750 3175 820 3246 apud
839 3187 917 3248 quem
934 3179 962 3229 iu
979 3176 1189 3248 inmriptlcnibur

119 3261 194 3316 elbu'r
215 3281 243 3334 p.
271 3262 321 3318 358
340 3281 378 3339 sq.
394 3273 575 3319 memorantur
593 3267 658 3320 tales
676 3265 821 3338 sperque!
833 3265 1006 3338 Hippocrates
1026 3265 1144 3321 Itbodiur
1162 3279 1190 3323 et

119 3351 308 3426 trokpiodcm
330 3357 495 3412 Tarentinus.
528 3355 642 3412 Uberius
666 3357 699 3412 de
722 3375 755 3412 eo
774 3359 827 3426 agit
848 3358 940 3420 Ulrici.
964 3357 1055 3414 Geseb.
1074 3357 1101 3411 d.
1122 3357 1189 3412 neti.

120 3441 217 3499 Μ.
234 3445 307 3500 Iati-
325 3447 443 3512 fflllr
461 3447 520 3500 Vol.
537 3450 579 3507 Π)
600 3463 627 3518 P·
641 3447 765 3517 4⁸34&
1218 3499 1221 3504 .

150 3535 218 3601 (rte)
235 3535 275 3590 lis
298 3535 464 3608 Xenopbsue
488 3539 523 3592 ct.
549 3555 617 3611 quse
642 3539 695 3592 dlxi
718 3540 746 3592 in
767 3537 846 3608 buius
867 3541 951 3594 Germ.
973 3540 1031 3594 rell.
1051 3557 1079 3613 p.
1102 3557 1130 3594 sr
1151 3555 1188 3613 sq.

25 3667 26 3684 ,
123 3621 270 3695 temptant
291 3623 361 3679 banc
380 3630 471 3698 petrin
491 3629 602 3697 denegat
621 3629 703 3684 tttrtet
721 3645 749 3700 p.
772 3629 823 3693 443
843 3645 880 3701 sq.
903 3637 959 3684 not.
982 3630 1044 3690 106,
1068 3637 1100 3684 ut
1116 3649 1132 3686 s
1150 3641 1190 3686 te·
1339 3697 1343 3704 ἱ

122 3711 205 3766 nicee
225 3719 284 3784 ejus
303 3717 378 3770 Nost
394 3717 519 3784 alienam
540 3719 613 3790 qussi
632 3735 735 3784 omues,
758 3719 805 3790 qul
821 3719 849 3772 in
864 3719 952 3792 aliquo
969 3723 1076 3790 poeseos
1096 3737 1191 3792 genere

124 3801 356 3870 periclitatimnt,
378 3809 406 3861 in
429 3825 461 3862 eo
484 3809 638 3864 οιωΙΙιυω
658 3808 765 3863 luerim.
797 3809 873 3880 Apud
899 3809 1011 3865 eundem
1030 3805 1191 3883 Enpedoclis

125 3895 308 3959 interdianum
318 3897 416 3952 nnllsnr
426 3898 531 3953 invenio
541 3899 707 3954 mentionem.
733 3900 804 3960 Quae
816 3899 934 3953 Stursius
944 3917 970 3970 p.
982 3899 1015 3954 06
1026 3916 1064 3972 sq.
1074 3901 1190 3966 Mt,

125 3985 204 4036 utrum
228 3986 277 4041 bae
297 3983 445 4053 tragoediae
463 3985 620 4043 bmmetris
636 3987 756 4045 videlicet
773 4003 807 4042 an
823 3987 938 4057 iambicis
954 3989 1071 4044 renibus
1091 3987 1189 4047 luerim

124 4078 286 4144 mentitae,
303 4078 386 4134 sciens
403 4084 548 4147 praetereo.
628 4065 632 4074 ’

166 4165 227 4246 lll.
1045 4173 1078 4246 5.
