2968 4838
283 363 345 426 512
455 325 458 332 Ι
674 375 720 420 on
742 365 960 421 nnrnnooms

280 543 402 616 Potius
422 541 628 636 dicendum,
650 541 753 614 illum
772 541 918 614 sensisse
939 536 1103 638 qrridem,
1124 539 1287 612 animum
1304 539 1349 612 el·

281 665 368 738 tiore
385 687 459 736 esse
481 639 615 761 origine
631 687 698 735 nec
716 675 857 734 terrena
878 659 1041 750 materie,
1065 672 1185 731 temen
1206 685 1292 733 eum
1314 662 1348 732 in

280 787 389 858 animi
407 785 561 877 actione,
581 809 690 858 sensu
707 797 744 857 et
761 780 964 871 intellectu,
986 778 1214 876 explicanda,
1236 807 1350 882 quum

280 909 397 980 omnia
422 904 468 978 ab
489 905 675 980 elementis
696 915 891 1005 repeteret,
917 901 1046 974 mentis
1069 901 1142 972 vim
1165 926 1251 975 cum
1273 929 1352 974 oor·

280 1029 372 1124 poris
393 1040 520 1100 natura
546 1013 757 1100 confudisse.

768 1293 788 1380 ς
810 1298 865 1359 ιι.

285 1567 287 1570 ’
419 1564 571 1642 Morum
588 1576 803 1660 praecepta.
853 1567 917 1638 De
941 1589 1051 1639 aureo
1078 1567 1210 1640 seculo.

327 1757 382 1830 Ab
404 1756 471 1830 hnc
493 1773 615 1834 autem
637 1759 812 1833 sententia
834 1759 879 1834 de
900 1759 974 1832 Diis
995 1773 1032 1834 et
1054 1761 1180 1834 animis
1200 1759 1356 1838 derivate

280 1895 364 1954 sunt
385 1879 510 1979 placita
529 1881 574 1955 de
592 1879 713 1954 officiis
732 1895 768 1954 et
784 1879 960 1974 moribus,
983 1907 1077 1982 quae
1093 1884 1304 1981 praesertim
1320 1884 1356 1954 in

280 2000 461 2101 Καθαρμιῖς
474 2001 619 2078 videtur
634 2005 866 2102 proposuisse.
922 2003 1017 2078 Hoec
1031 2006 1153 2103 paucis
1168 2001 1356 2104 tangenda.

328 2127 455 2218 Quum
479 2125 597 2196 omnia
626 2137 698 2196 tom
728 2123 850 2200 divine
875 2150 986 2224 quarn
1010 2123 1170 2199 humana
1191 2150 1357 2198 commu-

281 2247 388 2320 nione
411 2245 566 2344 quadem
589 2243 853 2336 contineantur,
875 2245 959 2319 inde
981 2259 1065 2318 nata
1086 2258 1138 2319 est
1159 2247 1358 2320 communis

281 2367 445 2441 omnium
478 2365 557 2460 lex,
589 2367 627 2442 ri
658 2363 789 2442 πάντων
815 2367 949 2464 νόμιμον
967 2377 1026 2460 ³⁴,
1053 2393 1119 2466 per
1145 2367 1357 2440 universum

281 2487 461 2562 mundum
491 2502 632 2586 petens:
666 2515 714 2562 ne
743 2515 854 2588 quem
882 2487 1013 2564 violare
1038 2503 1102 2562 aut
1126 2486 1286 2562 occidere
1309 2486 1357 2558 fas

280 2611 342 2703 sit,
373 2635 446 2683 non
473 2609 589 2684 solum
612 2609 812 2702 hominem,
835 2609 897 2685 sed
924 2611 1030 2685 etiarn
1056 2608 1218 2684 bestiam.
1269 2608 1356 2680 Hine

279 2731 398 2832 quod,
422 2745 466 2805 ut
494 2730 539 2804 ab
567 2731 641 2806 aliis
663 2731 845 2809 veteribus
869 2733 1014 2833 ὕβρις,
1037 2734 1086 2808 sic
1107 2729 1152 2804 ab
1174 2727 1356 2829 Empedo-

281 2853 334 2928 cle
368 2853 498 2950 <pirae
538 2843 678 2927 summa
713 2851 866 2928 habetur
904 2856 1075 2956 injustitia
1112 2869 1149 2929 et
1183 2853 1355 2952 impietas.

281 2975 469 3050 Caedem
510 2977 642 3074 pariter
678 2989 721 3048 ιιι
755 2974 946 3052 livorem
985 2977 1191 3076 praecipuas
1225 2989 1356 3050 morta-

234 3137 246 3150 ι
281 3095 371 3172 lium
393 3113 508 3198 pestes
526 3097 685 3171 nominat
699 3105 757 3192 ³⁵3
782 3095 879 3173 illam
903 3098 1099 3172 detestetur
1118 3112 1162 3172 ut
1182 3095 1357 3170 malorum
1472 3155 1473 3172 r

282 3219 445 3292 omnium
471 3244 647 3312 caussam,
673 3245 767 3318 quse
792 3235 873 3294 tum
901 3219 983 3294 deos
1011 3218 1246 3318 hominesque
1267 3220 1358 3290 inter

281 3361 319 3412 se
350 3336 498 3432 alienet,
525 3352 605 3444 tum
627 3339 738 3416 vitam
759 3339 890 3415 scelere
916 3367 957 3414 ac
978 3341 1117 3415 miseria
1141 3338 1288 3438 impleat
1302 3339 1355 3410 ³⁶.

281 3459 408 3558 Itaque
426 3460 527 3533 nefas
543 3459 642 3535 ducit
662 3463 816 3560 pecudes
833 3461 977 3538 caedere
998 3489 1197 3562 earumque
1215 3487 1358 3536 earnem

282 3697 361 3752 θιτος
382 3699 409 3744 οι
431 3691 613 3764 ἀνθρώπινος.
647 3693 740 3747 nister.
767 3691 855 3747 Geoch.
873 3695 900 3746 d.
921 3693 1015 3748 Philon.
1038 3696 1094 3749 vot.
1114 3699 1139 3755 t.
1160 3713 1185 3762 p.
1206 3695 1264 3758 537.
1283 3697 1356 3760 tuigt

245 3811 248 3818 ·
282 3782 331 3836 hoo
353 3800 430 3854 supra
452 3787 465 3848 ι
490 3803 509 3838 r.
880 3829 883 3836 -

315 3872 372 3938 (34)
395 3873 452 3926 vid.
472 3876 579 3944 Emped.
599 3891 637 3926 ιι.
657 3875 705 3936 4οή
725 3893 762 3944 sq.
784 3884 811 3926 rt
834 3884 1003 3928 commentar.
1020 3877 1046 3927 in
1067 3878 1090 3926 h.
1111 3894 1146 3928 vo.
1168 3895 1193 3945 p.
1215 3881 1273 3928 rer.

315 3959 369 4024 (35]
391 3961 461 4014 idern
478 3980 514 4014 vr.
533 3981 571 4018 ιι.

317 4050 372 4102 ι36ι
397 4051 469 4102 Idem
492 4067 539 4104 vso.
561 4054 590 4116 3,
612 4056 667 4114 suti.
