2958 4822
227 293 231 304 ¹
276 325 317 385 42
671 339 718 384 us
744 333 958 384 aursnocms

275 493 401 594 verba,
428 529 524 603 quae
550 503 645 577 idem
670 501 790 602 paullo
813 501 1188 598 inferiusaffert114,
1211 507 1348 606 Empe-

274 626 410 701 doclem
434 625 545 700 semel
564 627 603 699 in
628 625 908 724 Peloponnesum
934 625 1137 726 proiectum
1158 651 1349 729 nunquam

275 747 420 824 rediisse
435 749 475 822 in
491 747 660 840 Siciliam3
683 771 845 848 namque
858 745 949 822 illud
965 747 1034 821 iter
1050 748 1212 823 excursio
1231 750 1351 849 potius

275 895 386 972 quam
408 869 581 944 discessus
605 893 627 943 e
650 867 892 968 Peloponneso
916 881 969 942 est
996 867 1200 945 dicendum.
1250 872 1352 946 Fue-

276 1007 365 1068 runt
381 1018 466 1070 vero
485 992 551 1092 qui
567 989 763 1084 traderent,
776 988 1028 1090 Empedoclem
1038 989 1146 1066 domo
1156 994 1351 1093 profugum

276 1117 462 1216 Syracusas
481 1137 518 1187 se
539 1111 748 1207 commisse,
767 1125 805 1186 et
823 1139 911 1187 oum
932 1113 1162 1216 Syracusanis
1184 1113 1353 1193 adversus

261 1223 514 1312 ¹Athenienses
533 1233 691 1310 bedeese.
721 1234 788 1310 Sed
806 1235 960 1310 namatio
976 1235 1064 1310 haec
1079 1249 1285 1337 temporum
1296 1263 1353 1313 ra-

276 1359 363 1432 tioni
380 1356 489 1457 plane
504 1371 699 1458 repugnat,
711 1370 749 1431 et
769 1354 899 1430 indicio
917 1370 985 1449 est,
1002 1358 1053 1430 sic
1073 1371 1117 1432 ut
1137 1359 1242 1458 plura
1258 1385 1355 1460 quae

275 1480 321 1554 de
336 1477 536 1582 Pythagora
551 1491 589 1551 et
604 1477 830 1583 Pythagoreis
843 1477 1027 1571 feruutur,
1043 1492 1178 1579 qsmnta
1194 1481 1233 1554 in
1246 1479 1355 1556 rebus

277 1598 481 1674 Siculorum
504 1598 712 1674 enarrandis
730 1614 768 1674 et
788 1612 992 1698 temporum
1012 1597 1139 1674 ordine
1156 1599 1356 1700 digerendis

278 1719 537 1795 nonnullorum
569 1719 815 1796 historicorum
833 1720 945 1794 fuerit
963 1697 1111 1797 inscitia.
1161 1723 1253 1796 Nam
1274 1721 1356 1797 bel·

278 1843 357 1918 lum
377 1841 612 1916 Athenienses
634 1845 730 1916 inter
749 1855 786 1916 et
807 1843 1041 1945 Syrammanos
1067 1843 1189 1943 erupit
1212 1843 1354 1947 Olymp.

153 2015 155 2020 -
280 1991 324 2064 9¹
356 1973 441 2058 ¹¹⁵,
475 1989 549 2064 quo
581 1976 741 2063 tempore
761 1961 994 2064 Empedocles
1014 1963 1143 2040 fuisset
1161 1965 1238 2041 lere
1258 1981 1357 2042 octo-

280 2086 461 2186 genarius:
484 2109 597 2186 quem
610 2086 733 2160 acutis
747 2110 888 2160 anuum
904 2087 1041 2160 etiamsi
1060 2087 1227 2187 attigisset
1246 2087 1360 2190 (quod

281 2233 354 2281 non
372 2207 575 2302 secit;·nam
593 2205 796 2282 secundum
811 2205 1034 2283 Aristotelem
1050 2211 1231 2311 sexaginta
1247 2233 1362 2285 annos

283 2342 390 2404 natus
415 2328 593 2440 decessit),
612 2341 708 2405 certe
729 2327 831 2402 miles
856 2329 895 2402 in
921 2327 1014 2404 bello
1034 2345 1174 2406 merere
1196 2355 1270 2406 non
1292 2357 1361 2432 po-

282 2450 417 2524 tuisset.
451 2451 488 2524 Si
499 2452 689 2544 dixissent,
703 2449 957 2550 Empedoclem
974 2452 1089 2550 patrii
1105 2451 1261 2552 ejectum
1275 2477 1363 2528 oum

283 2573 509 2673 Syracusanis
531 2573 701 2652 adversus
723 2572 1048 2672 Agrigentinos
1070 2571 1365 2668 bellasse‚hshe·

286 2798 386 2848 yeme
398 2782 581 2848 αἰκιζομένου,
595 2781 642 2832 nisi
655 2781 743 2830 hocin
760 2781 974 2846 στασιαζομένου
987 2787 1034 2830 aut
1044 2780 1127 2834 simile
1139 2780 1249 2833 verbnm
1261 2789 1365 2834 mutan·

284 2873 347 2925 dam
364 2871 412 2935 sit,
433 2867 498 2920 nihil
516 2868 588 2921 aliud
608 2867 751 2934 significare
769 2877 855 2938 potest
872 2885 950 2938 quam
969 2875 1067 2918 netem
1080 2871 1310 2936 Agrigentinum
1324 2887 1367 2921 ss-

283 2963 402 3028 posttea:
422 2977 488 3013 nana
500 2959 630 3014 desertam
649 2967 696 3012 aut
715 2957 827 3012 deletam
844 2953 913 3010 hano
932 2957 1063 3012 civitaten
1083 2957 1160 3012 falsas
1180 2975 1234 3011 nou
1252 2958 1370 3025 lapaut.

319 3053 394 3106 lianc
411 3049 573 3121 Empedoclis
588 3049 760 3102 calamitatem
775 3055 894 3118 spectare
908 3047 1013 3100 ridetur
1024 3047 1099 3099 'limo
1114 3049 1239 3102 Phliasios
1254 3049 1293 3102 hia
1307 3065 1367 3102 ser·

287 3142 371 3195 siculis
392 3161 407 3195 a
427 3142 541 3208 Diogene
561 3140 662 3193 relatis:

711 3234 759 3283 eet
777 3229 976 3301 Ἐμπεδοκλῆς
993 3235 1129 3302 ἀγοραίων

427 3325 547 3394 seleche
562 3327 648 3376 luter
666 3341 675 3360 ·
692 3325 744 3378 See
761 3323 789 3378 δ’
810 3325 925 3395 ἔσθενε,
944 3327 1064 3379 vinceda
1084 3323 1177 3390 εἷλεν,

422 3419 514 3489 ἂρχόν
529 3420 557 3477 ὃς
579 3417 690 3488 διέθηκ’
710 3421 796 3488 ἀρχὰς
813 3422 960 3478 ἐπιδευέας
976 3419 1074 3472 ἄλλων.

290 3513 371 3568 llicit:
393 3523 521 3584 quantum
536 3515 633 3580 valuit,
644 3523 745 3568 tantum
757 3515 839 3585 cepit,
854 3515 872 3568 i.
889 3531 911 3568 e
927 3515 1050 3568 meritum
1061 3515 1171 3584 adeptus
1183 3521 1223 3566 est
1240 3512 1371 3566 laetorum

290 3607 452 3672 praemium,
467 3605 513 3674 qni
532 3605 722 3659 multitudinem
740 3605 803 3658 iecit
820 3621 921 3673 regem,
941 3605 1023 3674 ipsam
1041 3621 1101 3671 rege
1116 3603 1283 3670 indigentem.

321 3693 393 3760 (ιιίι)
410 3695 515 3762 Diogen.
539 3683 600 3747 ibid.
614 3713 632 3747 s
662 3711 708 3760 71:
730 3701 845 3762 Τίμαιος
865 3696 952 3765 dende
971 3697 1071 3764 atym,
1092 3695 1126 3756 aie
1141 3693 1309 3767 ἆξεχῦρνμεν
1329 3697 1372 3752 εἰς

293 3785 514 3854 Πελοπόννησον,
535 3789 582 3838 eei
601 3789 634 3840 sd
651 3787 765 3844 σύνολον
782 3791 832 3845 sals
848 3793 1016 3862 ἐπανῆλθεν.

324 3885 348 3945 (ι
358 3879 398 3946 15)
416 3878 470 3928 Vid.
484 3877 613 3930 Diodorus
626 3881 676 3932 Sic.
689 3884 755 3947 ΧΠ,
772 3883 813 3936 83.
833 3885 925 3954 Neque
936 3885 1014 3951 magis
1026 3882 1147 3950 congruit
1158 3881 1231 3950 prior
1242 3877 1285 3928 illa
1295 3873 1373 3928 Atlas·

293 3969 420 4023 niensium
438 3969 464 4019 in
483 3967 593 4022 Siciliam
613 3969 758 4042 expeditio,
777 3973 804 4024 in
822 3972 891 4026 hello
909 3973 978 4026 inter
997 3974 1170 4041 Syracusanos
1181 3977 1209 4022 et
1220 3963 1373 4020 leontinus,

293 4073 360 4127 quae
378 4058 445 4110 facte
462 4065 500 4110 ost
517 4061 604 4127 paucis
620 4067 680 4113 onte
698 4062 779 4126 annis,
795 4061 895 4132 olymp.
910 4065 955 4128 88,
974 4080 996 4114 a.
1031 4059 1147 4128 Thucyd.
1166 4060 1219 4122 111.
1235 4055 1275 4109 86.
