2958 4822
516 385 598 434 vm
622 385 668 434 at·
689 387 834 434 STUDHS.
1169 377 1209 436 35

138 565 295 628 sentum.
351 551 449 628 Tum
480 550 750 652 quaerentibus¹
770 553 903 630 frustra
941 553 1059 628 amicis
1090 578 1208 628 unum

134 671 314 772 quendam
345 673 553 765 nuntiasse,
574 697 612 748 se
638 671 753 748 media
780 687 882 764 nocte
903 676 1085 776 ingentem
1106 673 1209 750 audi·

136 793 220 867 risse
244 819 368 870 vocem
392 793 642 893 Empedoclem
664 792 817 868 nomine.
832 794 1087 894 appellantem
1106 795 1208 889 dein,

132 941 247 1016 quum
262 917 487 1008 surrexisset,
504 914 633 994 vidisse
645 915 832 992 coelestem
850 915 969 991 lucem
985 931 1022 994 et
1042 918 1206 995 ardentes

133 1036 239 1129 faces,
261 1051 445 1136 praeterea
465 1061 551 1114 vero
570 1035 676 1112 nihil.
726 1036 798 1112 Illis
819 1064 860 1114 re
882 1037 1002 1114 audita
1018 1038 1207 1139 perculsis,

133 1159 254 1233 missos
276 1185 352 1234 esse
372 1185 393 1233 a
413 1160 589 1232 Pausania
609 1158 675 1260 qui
702 1158 954 1260 Empedoclem
975 1172 1191 1260 quaererent
1197 1185 1210 1253 3

133 1279 189 1354 sed
208 1306 297 1356 eum
313 1279 433 1382 paullo
450 1295 528 1380 post
544 1280 712 1382 religione
730 1279 950 1379 prohibitum
970 1305 1064 1376 esse,
1079 1305 1127 1354 ne
1143 1307 1208 1356 cu·

132 1399 257 1476 riosius
277 1401 384 1477 illum
402 1380 645 1504 investigaret:
671 1400 924 1501 Empedoclem
945 1415 1150 1478 assecutum
1168 1400 1207 1476 id

132 1549 201 1623 quo
218 1523 409 1617 tendebat,
427 1525 533 1626 eique
551 1523 818 1598 sacrificandum
835 1547 910 1598 esse
930 1537 1104 1625 tanquam
1121 1527 1206 1600 Deo.

134 1647 183 1720 lta
192 1646 320 1723 retulit
329 1647 522 1742 Hemlides,
534 1647 681 1746 scriptor
692 1669 797 1745 saepe
806 1643 1207 1739 fabulosus,anetorens,

134 1781 174 1842 ut
194 1767 359 1861 ridetur,
390 1783 535 1844 secutus
558 1770 782 1844 Pausaniam.
833 1767 902 1842 Res
930 1792 1004 1840 non
1034 1765 1208 1840 dissimilis

133 1890 266 1964 somnio
296 1913 371 1988 quo
400 1890 517 1962 amici·
530 1915 636 1981 eum,
662 1915 773 1990 prem
793 1868 1018 1987 praesentem
1035 1907 1078 1962 ιιι
1097 1887 1208 1964 deum

136 2011 294 2088 venerati
316 2024 454 2102 essent,
487 2024 671 2084 mortuum
693 2010 738 2084 ad
761 2037 907 2111 superos
925 2009 1058 2084 abiisse
1081 2009 1209 2084 crede·

134 2148 213 2208 rent
228 2133 290 2206 9'0.
344 2131 444 2208 Serio
467 2147 588 2206 tamen
610 2131 790 2232 redarguit
816 2131 1004 2226 Timaeus,
1025 2129 1082 2204 his
1103 2143 1211 2206 utens
1275 2157 1277 2160 ·

134 2253 375 2354 argumentis,
393 2255 509 2356 quod,
534 2281 619 2328 cum
647 2279 704 2328 res
729 2252 914 2354 Agrigenti
942 2253 1034 2328 lacta
1055 2249 1209 2344 feratur,

134 2389 253 2450 umen
263 2374 430 2451 Pisianax
446 2375 505 2450 ille
521 2373 618 2476 apud
635 2373 886 2474 Agrigentinos
899 2399 1027 2474 agrum
1042 2397 1116 2446 nou
1132 2397 1210 2471 pos·

93 2474 96 2484 ⁵
134 2493 275 2588 uideret,
291 2494 353 2568 sed
368 2509 457 2569 esset
473 2497 726 2597 Syracusanum
744 2509 822 2567 tum
836 2497 943 2569 etiam
957 2492 1057 2594 quod
1073 2491 1213 2566 Pausa-

136 2616 219 2708 nias,
232 2615 263 2689 si
278 2642 334 2690 res
351 2615 395 2690 ah
412 2643 454 2690 co
471 2631 649 2716 comperta
662 2617 798 2710 fuisset,
814 2614 910 2690 haud
921 2615 1031 2690 dubie
1042 2613 1211 2690 sacellum

135 2749 334 2814 statuamus
351 2752 414 2813 aut
431 2737 573 2837 aliquod
589 2753 868 2814 monumentum
886 2741 997 2813 amico
1015 2764 1214 2814 consecras·

136 2873 199 2953 set,
217 2887 337 2960 quum
355 2861 453 2936 dives
468 2869 628 2936 osset91.
679 2859 804 2936 Notior
819 2887 905 2937 vero
919 2875 972 2936 est
987 2861 1054 2935 alia
1071 2858 1212 2954 fabula,

165 3105 223 3172 (90)
239 3100 395 3171 Huiusmodi
414 3109 559 3152 commenta
575 3117 628 3154 non
643 3100 812 3170 displicebant
823 3099 1006 3170 Pythagoreis,
1025 3103 1070 3172 qui
1080 3101 1213 3156 interdum

136 3193 209 3244 etiam
227 3211 257 3244 ea
275 3209 343 3263 quaa
359 3191 386 3242 iu
401 3191 496 3242 somnis
511 3191 640 3254 vidissent,
659 3209 721 3245 sera
736 3190 869 3262 putabant.
903 3191 942 3245 Gi.
957 3193 1210 3260 tenutissimum.

136 3300 155 3332 s.
174 3283 233 3346 138,
251 3301 289 3354 sq.
309 3283 364 3344 148.

165 3376 219 3441 (9¹)
240 3372 316 3442 Apud
334 3373 439 3440 Diogen.
457 3373 535 3438 Vlll,
559 3389 597 3438 7¹·
630 3374 667 3426 De
691 3373 815 3425 Pausania
837 3371 994 3441 interpretes
1016 3373 1147 3426 Timaeum
1169 3373 1210 3426 di·

137 3471 233 3514 centem
249 3463 348 3514 faciunt
363 3465 524 3514 contrarium
541 3463 564 3515 ei
580 3463 650 3534 quod
666 3463 758 3518 voluit.
782 3462 869 3515 Verba
882 3463 946 3516 lasec
958 3470 1030 3516 sunt:
1048 3463 1213 3520 Hearueslus

17 3607 18 3630 ζ
137 3571 167 3606 τε
188 3564 322 3623 μνημεῖον
344 3557 524 3624 πεποιηκέναι
545 3559 594 3608 τοῦ
614 3557 711 3620 oliuu,
729 3556 857 3610 τοιούτου
878 3557 1071 3618 διαδοθέντος
1084 3560 1214 3628 Mrem)

136 3649 303 3713 ἀγαλμάτιόν
316 3651 373 3717 osii
388 3651 469 3716 σηκὸν
483 3647 529 3701 οἶα
544 3653 616 3703 θεοῦ
631 3666 638 3684 ·
653 3653 701 3702 sul
710 3655 762 3721 γὰρ
771 3651 903 3704 niciosus
913 3643 994 3703 εἶναι.
1029 3651 1101 3712 Quae
1111 3651 1212 3704 Meiba·

136 3739 213 3802 anius,
226 3739 327 3808 Bsylius
340 3739 512 3808 (Enpldocls,
524 3750 578 3792 not.
589 3741 634 3809 t),
650 3741 781 3806 Stursius,
792 3759 817 3812 p.
832 3742 892 3804 131,
910 3743 946 3794 sic
958 3741 1123 3812 interpretati
1134 3749 1213 3796 sunta

136 3827 282 3882 Pausaniam
301 3831 384 3880 amico
401 3839 597 3892 monumentum
614 3833 728 3901 posuisse
746 3841 869 3903 tanquam
878 3831 942 3884 Deo.
976 3831 1071 3882 Omissa
1083 3830 1211 3900 particula

17 3929 18 3940 ³
136 3920 168 3970 ds
186 3927 245 3990 post
265 3924 446 3989 πεποιηκέναι
465 3937 509 3974 eos
529 3919 555 3972 in
575 3919 642 3972 banc
658 3921 898 3993 interpretationem
915 3921 1033 3984 induxit,
1053 3937 1105 3974 nou
1126 3923 1211 3973 minus

137 4009 227 4063 'limaci
244 4012 388 4064 sententiae
403 4029 480 4094 quam
502 4019 589 4062 rectae
608 4011 701 4086 rationi
719 4019 922 4080 repugnantem,
938 4009 1103 4078 utquisque,
1117 4009 1213 4070 credo,

139 4100 245 4152 monitus
257 4099 366 4152 ridebit.
408 4155 410 4160 ,

1065 4190 1107 4262 3*
