3016 4840
550 399 791 448 rrsrnosorrrra.
1142 383 1204 443 353

134 565 328 662 auspicatus
348 565 413 651 sit,
437 564 567 636 esseio
591 581 716 639 natura
739 579 776 638 et
799 562 900 670 honi
926 561 1206 661 principium

134 697 170 756 et
189 684 313 777 mali,
339 699 375 758 et
397 683 534 757 honesti
556 699 592 758 et
615 687 748 784 turpis,
777 699 812 758 et
835 683 951 756 decori
974 697 1010 758 et
1034 681 1205 756 indecori:

134 829 217 878 nam
236 795 272 877 si
287 804 390 904 quis,
417 806 554 905 inquit,
577 833 651 880 non
675 806 797 898 verba,
821 803 880 878 sed
903 829 1048 878 sensum
1069 807 1206 901 Empe-

134 921 238 999 doclis
275 940 461 1026 sequatur,
498 928 696 1002 Amicitiam
735 928 818 1002 boni
851 928 1091 1025 principium,
1126 924 1209 998 mali

135 1045 347 1134 Discordiam
369 1047 413 1120 ab
435 1075 477 1122 eo
498 1049 565 1122 dici
590 1049 775 1150 intelliget:
802 1050 827 1122 sl
853 1047 922 1147 γάρ
947 1077 996 1129 τις
1019 1045 1225 1134 ἀκολουθοίη.

135 1169 189 1240 καὶ
209 1167 384 1263 λαμβάνοι
405 1174 483 1267 πρὸς
505 1173 560 1262 τὴν
578 1170 719 1248 διάνοιαν
738 1174 793 1246 κα)
810 1173 857 1266 μὴ
874 1173 952 1269 πρὸς
969 1170 993 1246 ἃ
1010 1167 1206 1264 ψελλίζεται

135 1291 239 1387 λέγων
271 1287 518 1386 Ἐμπεδοκλῆς,
554 1293 673 1393 εὑρήσει
686 1296 761 1398 ,τὴν
796 1299 856 1390 μεν
891 1295 1005 1388 φιλίαν
1038 1289 1115 1368 εἶναι
1150 1297 1211 1366 τῶν

137 1409 286 1509 αγαθῶν,
312 1413 351 1488 rh
375 1411 411 1490 <ll
437 1421 535 1497 νεῖκος
559 1421 620 1490 τῶν
643 1421 757 1490 κακῶν·
781 1413 867 1490 dore
889 1415 966 1496 ε’ἰτιι
989 1416 1071 1509 outa
1093 1415 1211 1512 τρόπον

137 1563 208 1610 τινα
238 1536 296 1610 καὶ
327 1537 438 1636 λέγειν
472 1541 528 1612 καὶ
561 1543 686 1635 πρῶτον
717 1517 824 1637 λέγειν
854 1541 892 1612 rh
927 1540 1053 1618 acula
1085 1539 1140 1611 nul
1172 1539 1211 1610 rh

137 1655 295 1756 ἀγαθὸν
330 1660 448 1759 ἀρχαι
481 1659 731 1756 Ἐμπεδοκλέα,
762 1659 853 1760 τάχ’
887 1657 927 1734 ἂν
960 1662 1055 1758 λέγον
1087 1665 1212 1750 καλῶς,

137 1776 221 1877 drop
250 1781 292 1854 *tl
319 1785 380 1856 τῶν
415 1780 547 1880 ἀγαθῶν
581 1780 737 1856 ἁπάντων
772 1779 875 1854 atriu
911 1783 991 1854 αὐτὸ
1020 1781 1057 1854 rh
1085 1779 1211 1879 αἰγαθόν

137 1899 227 1998 ἔστι,
247 1905 308 1977 αα)
325 1907 386 1978 τῶν
403 1909 509 1978 κακῶν
526 1905 565 1978 ‘rh
585 1905 682 1978 κακῶν
701 1912 778 1977 ¹²⁹.
829 1902 954 1998 Itaque
974 1915 1010 1972 et
1032 1900 1113 1972 alibi
1135 1903 1211 1974 sine

138 2021 370 2098 haesitatione
390 2025 590 2126 Amicitiam
611 2038 708 2096 vocat
728 2027 768 2098 al
788 2019 934 2120 ἀγαθὸν,
952 2024 1038 2096 item
1059 2029 1097 2096 rt
1119 2025 1213 2120 liper-

94 2173 101 2180 ·
138 2170 209 2234 τον,
237 2143 453 2216 Discordiam
482 2147 538 2232 rip
565 2155 622 2217 ταῶ
651 2154 752 2218 κακοῦ
783 2149 984 2238 <pilotu¹³05
1013 2143 1072 2216 sed
1102 2145 1139 2214 in
1173 2171 1214 2217 eo

138 2277 207 2334 tam
244 2261 497 2360 Empedoclem
535 2291 645 2364 quam
691 2267 930 2362 Anaxagoram
967 2262 1215 2359 reprehendit,

138 2383 233 2482 quod
268 2382 451 2481 principiis
477 2387 548 2458 suis
577 2411 644 2458 nec
671 2385 852 2458 commode
880 2409 945 2456 nec
978 2398 1214 2481 congruenter

140 2518 307 2577 utantur:
331 2493 577 2599 Ἐμπεῶνκλῶς’,
594 2507 724 2607 inquit,
740 2504 797 2580 ἐπὶ
815 2508 914 2580 πλέον
930 2509 991 2599 μεν
1007 2510 1126 2578 τούτου
1140 2507 1214 2604 (τοῦ

140 2623 375 2724 Ἀναξαγόρου)
403 2632 531 2728 χρῆται
560 2633 626 2710 τοῖς
656 2630 786 2720 αἰτίοις,
824 2631 859 2700 οὐ
885 2629 946 2723 μὴν
975 2626 1039 2704 αὔθ’
1070 2631 1214 2708 ἱκανῶς

142 2745 208 2820 οὔτ’
255 2745 287 2821 ἓν
325 2754 452 2832 τούτοις
491 2755 627 2850 εὑρίσκει
666 2755 704 2826 al
749 2754 1098 2849 ὁμολογούμενον
1136 2757 1213 2824 ¹³¹.

140 2867 241 2942 »Non
267 2871 450 2945 commoda
474 2877 547 2950 sive
574 2901 644 2947 non
671 2875 907 2974 sufficienter,
921 2875 1006 2971 quia
1022 2875 1060 2944 iu
1081 2873 1216 2944 mundo

141 2986 320 3088 rebusque
355 2991 548 3067 formandis
585 2993 815 3092 Empedocles
850 2993 1034 3065 interdum
1070 2991 1216 3092 quidem

141 3109 318 3207 principiis
359 3117 432 3189 suis
471 3131 605 3190 constet
644 3130 849 3214 certamque
883 3115 1054 3186 rationem
1085 3113 1216 3212 (λαγῶν)

142 3243 320 3330 sequatur,
340 3234 444 3332 plura
462 3253 581 3312 tamen
605 3237 662 3314 vel
680 3236 762 3340 ipsis
784 3229 967 3308 elementis
987 3235 1041 3310 vel
1061 3237 1214 3306 necessi-

142 3353 201 3422 tati
224 3367 290 3428 aut
310 3360 405 3432 casui
435 3360 720 3460 relinquat1³23
749 3383 822 3430 non
851 3367 1105 3454 congruenter,
1129 3355 1216 3454 quia

142 3475 317 3571 propriam
342 3483 535 3582 utriusque
565 3482 714 3554 formam
739 3480 793 3580 (rh
818 3473 914 3574 εἶδος)
939 3476 1014 3548 sive
1037 3477 1214 3574 propriam

171 3636 237 3706 (¹²9)
256 3641 358 3692 tristot.
372 3639 487 3711 Metaph.
507 3643 534 3703 Ι,
552 3642 575 3702 d.
595 3658 621 3710 p.
639 3639 723 3700 6461*
743 3639 769 3691 G.
805 3638 905 3688 'tottam
921 3641 947 3685 et
965 3643 1055 3692 νεῖκος
1071 3629 1121 3683 hoc
1138 3649 1214 3684 sensu

143 3731 307 3794 συμβολικῶς
325 3730 359 3784 ab
377 3731 532 3800 Empedoclis
551 3731 769 3798 Pythagoreorum
783 3744 855 3778 more
868 3733 1021 3792 usurpatum
1034 3737 1102 3785 estc,
1119 3721 1219 3788 judicat

142 3820 236 3890 Asclep.
247 3823 274 3873 in
286 3823 310 3874 la.
320 3822 337 3871 l.
349 3823 375 3872 in
388 3821 471 3874 Schol.
484 3821 559 3874 Arist.
572 3837 596 3888 p.
606 3817 662 3871 538.

173 3909 239 3978 (ido)
257 3910 321 3962 thid.
332 3913 371 3964 XI
383 3913 470 3978 (xit),
485 3927 522 3961 ro.
532 3927 557 3980 p.
572 3907 620 3972 745
633 3910 668 3972 ῦς
686 3910 754 3962 XIII
767 3909 863 3975 (XIV),
874 3907 898 3964 t.
910 3922 934 3973 p.
948 3903 996 3970 764
1009 3906 1034 3955 lt.

174 3999 241 4066 (131)
260 3999 324 4062 ibid.
343 4003 370 4064 1,
388 4003 413 4063 [ι.
434 4019 459 4069 p.
478 3999 528 4062 646
547 4000 579 4052 ll.
601 4001 654 4052 cas.
674 3999 714 4051 ed.
733 3999 811 4074 totle:
831 4000 916 4051 πλέον
932 3996 979 4059 μὲν
997 3996 1094 4064 τούτῳ.

175 4090 244 4160 (132)
263 4091 299 4144 Cf.
315 4108 390 4160 supra
402 4089 469 4142 dicta
481 4107 505 4158 p.
523 4089 584 4150 3323
596 4089 628 4140 dc
641 4089 793 4142 necessitate
805 4099 830 4141 et
844 4107 903 4142 casu
916 4088 1059 4142 accuratius
1073 4088 1085 4148 t
1102 4102 1137 4135 ιι.

192 4183 254 4258 lll.
1052 4177 1094 4248 23
