2952 4836
267 379 331 443 396
657 389 704 435 nn
727 381 941 434 nnnnocms

268 559 411 654 ὁμοίου
442 553 640 652 ἐφίεσθαι
665 555 718 629 ¹⁶.
767 553 812 626 In
834 552 889 626 his
907 549 1094 624 manifesto
1117 547 1343 649 Empedoclis

266 679 441 752 sententia
471 679 666 777 opponitur
693 675 885 748 Heraclito:
916 669 1219 774 quemadmodum
1238 669 1343 743 bunc

266 823 331 897 per
354 797 624 898 discrepantiam
644 813 681 872 et
701 796 983 886 contentionem,
1003 793 1052 868 sic
1077 790 1180 867 illum
1200 817 1265 892 per
1286 793 1341 863 si-

266 919 407 994 milium
443 921 708 993 consensionem
741 931 779 989 et
819 917 1008 989 amicitiam
1044 915 1214 1016 pleraque
1247 911 1339 986 effici

267 1039 429 1114 voluisse.
477 1041 532 1113 Ad
553 1038 804 1139 Empedoclem
825 1061 971 1136 quoque
993 1050 1149 1134 spectare
1169 1036 1342 1110 videntur

266 1187 360 1262 quae
388 1160 487 1234 Plato
512 1163 551 1232 in
573 1160 698 1261 Lyside
720 1161 786 1232 hac
809 1159 854 1230 de
875 1183 914 1232 re
935 1157 1120 1257 disputans
1141 1157 1240 1231 dicit:
1265 1161 1342 1232 οὐκ·

267 1293 320 1360 οῦν
344 1287 400 1359 ιω)
424 1289 490 1366 τοῖς
518 1289 579 1359 τῶν
601 1281 809 1380 σοφωτάτων
825 1279 1096 1380 συγγράμματα
1116 1279 1343 1382 ἐντετύχηκας

266 1411 363 1482 ταῦο)
382 1407 471 1482 miris
490 1409 665 1505 λέγουσιν,
685 1407 736 1484 dra
756 1408 794 1480 το
816 1406 960 1500 ὅμοιον
980 1405 1034 1504 τῷ
1057 1406 1183 1506 ὁμοίῳ
1207 1405 1343 1503 ἀνάγκη

267 1529 336 1606 r'rsl
361 1531 489 1624 φίλον
513 1525 610 1624 elsam
634 1530 698 1604 εἷο)
726 1526 767 1604 δέ
790 1557 855 1604 που
884 1523 974 1603 οὗτοι
1001 1531 1032 1604 οἱ
1055 1531 1128 1626 περ)
1150 1534 1279 1625 φίσεως
1303 1557 1345 1602 τε

267 1655 404 1728 καὶτοῦ
427 1651 504 1728 ‘ltro
527 1649 756 1751 draleyoirevoi
779 1679 817 1726 re
838 1653 895 1726 sal
914 1650 1107 1750 γράφοντες
1124 1656 1177 1725 ¹⁷.
1226 1652 1344 1722 tatis-

266 1775 354 1848 sime
383 1787 478 1847 certe
507 1799 551 1847 ex
573 1772 795 1872 Empedoclis
821 1789 943 1848 mente
971 1775 1024 1848 vis
1044 1772 1101 1846 illa
1130 1799 1195 1873 per
1218 1799 1345 1845 rerum

223 1907 228 1918 ’
267 1907 434 1968 naturam
462 1909 572 1992 patet:
598 1895 736 1996 quippe
765 1898 831 1995 qui
860 1921 931 1968 non
960 1895 1075 1968 solum
1100 1893 1226 1967 similia
1256 1921 1341 1966 cum

266 2015 438 2090 similibus
459 2017 681 2116 congregari,
702 2015 887 2092 sedetiam
911 2018 1034 2091 similia
1057 2015 1230 2090 similibus
1252 2013 1344 2086 allici
1473 2029 1474 2058 ί

266 2151 304 2212 et
322 2163 448 2211 rursus
468 2163 572 2236 agere
591 2140 629 2210 in
651 2139 773 2212 similia
795 2139 967 2214 docuerit.
1020 2139 1095 2212 Hac
1115 2139 1347 2211 consensione

267 2261 406 2333 fierint
427 2273 464 2332 et
488 2274 582 2333 terra
604 2274 746 2334 terrena
770 2275 912 2360 appetat
935 2275 972 2334 et
994 2259 1116 2334 aether
1136 2257 1290 2332 aetheria
1309 2271 1346 2328 et

267 2378 426 2452 similiter
448 2379 601 2480 reliqua3
633 2380 756 2457 eddom
777 2382 996 2472 affectiones,
1017 2408 1159 2475 sensus,
1181 2403 1346 2454 omnem-

268 2525 342 2600 que
365 2503 474 2574 animi
498 2517 535 2575 et
558 2504 713 2601 corporis
735 2505 1000 2604 perceptionem
1028 2503 1135 2597 effici3
1156 2503 1222 2577 hac
1246 2503 1345 2575 deni-

267 2647 341 2721 que
363 2623 399 2695 vi
423 2647 611 2721 corporum
635 2623 900 2712 formationem,
923 2628 1202 2724 generationem,
1226 2627 1347 2698 incre-

269 2755 411 2831 menta,
438 2743 574 2816 victum
593 2746 776 2818 contineri.
811 2745 879 2820 Sed
896 2746 985 2820 baec
1001 2772 1101 2818 nunc
1113 2745 1261 2846 quidem
1274 2749 1349 2818 stri·

270 2865 371 2951 ctim3
399 2863 444 2936 de
467 2863 614 2962 singulis
641 2863 737 2938 infra
762 2893 829 2941 suo
850 2868 925 2942 loco
948 2869 1158 2942 accuratius.

261 3039 265 3046 -
317 2985 446 3085 Neque
474 2985 588 3060 solum
615 2989 737 3060 statuit
759 3015 834 3063 esse
862 2992 955 3064 inter
980 2991 1154 3064 elementa
1178 2991 1235 3064 vel
1257 3017 1348 3063 oon-

270 3107 487 3182 veuientiam
512 3107 694 3208 quandam
715 3109 773 3184 vel
794 3109 1081 3210 discrepantiam,
1106 3115 1212 3186 etiam
1237 3115 1347 3187 ratio-

270 3250 354 3300 nem
385 3229 553 3331 viamque
585 3231 759 3330 explicuit
782 3259 854 3332 qua
877 3238 974 3306 eain
998 3235 1208 3310 seinvicem
1230 3252 1348 3333 agant.

269 3345 446 3421 Adhibuit
477 3363 556 3422 tum
591 3365 766 3426 meatus
800 3353 971 3454 quosdam
997 3357 1071 3428 sive
1101 3357 1237 3454 πόρους,
1269 3371 1347 3431 tum

269 3464 419 3578 fluxus
452 3473 526 3546 sire
556 3469 740 3572 ἀποῤῥοοίς,
778 3473 916 3574 quibus,
938 3501 1082 3577 corpora
1103 3493 1139 3550 et
1155 3503 1346 3576 corporum

188 3637 196 3650 ·
270 3588 444 3666 elementa
470 3607 600 3667 mutuo
624 3595 719 3668 inter
748 3619 787 3668 se
815 3611 1025 3672 commeent.
1077 3597 1223 3672 Celebre
1251 3595 1345 3696 apud

302 3765 355 3826 ‹16›
374 3766 522 3817 Aristotele·
540 3767 619 3820 Etbic.
634 3765 732 3820 ilicum.
745 3771 817 3832 Vlll,
836 3785 856 3821 a.
873 3787 898 3839 p.
924 3769 955 3829 75
972 3771 998 3820 G.
1017 3769 1049 3822 cl.
1062 3771 1128 3823 idem
1142 3771 1248 3826 Eodem.
1260 3773 1315 3822 Vll.
1332 3787 1341 3820 r

272 3870 296 3921 p.
316 3869 359 3906 sor
382 3855 408 3907 G.

302 3949 355 4006 (¹7)
371 3944 442 3996 Plato
454 3947 509 4012 [ys.
524 3965 548 4015 p.
562 3949 608 4008 stt
622 3949 647 4000 Β.
671 3947 784 4000 chatetd.
807 3949 832 4000 in
851 3949 915 4000 Tim.
935 3951 1068 4019 Plutump.
1085 3952 1136 4009 131.
1148 3951 1344 4017 Pythagoricum

272 4031 321 4082 boc
334 4033 423 4099 dogma
436 4035 558 4104 cppcllat.
