2958 4822
242 360 283 422 74
633 373 682 420 un
703 371 919 420 nurnnocms

240 535 470 612 distributum
492 535 564 610 tuit
583 537 622 610 in
644 548 715 610 tres
738 549 855 636 partes
877 535 951 614 sive
979 539 1061 632 τρεῖς
1086 535 1225 635 λόγους,
1261 536 1316 612 rba

241 662 314 760 rapt
341 666 399 734 τοῦ
424 657 566 752 rosade,
598 657 785 752 πολιτικόν,
816 671 853 732 et
885 655 1071 758 θεολογικόν
1088 667 1169 734 ²²⁷.
1219 657 1316 732 Haec

151 859 153 869 ,
240 781 445 860 distributio
468 783 564 860 viam
585 763 772 873 monstrat,
788 805 861 880 qua
877 779 1099 878 Empedoclis
1114 781 1315 880 fragmenta

241 903 467 1006 probabiliter
483 900 701 1003 disponenda
717 903 807 994 sint,
823 900 869 974 de
886 927 960 1001 quo
980 927 1063 976 mox
1077 899 1194 1000 plura.
1229 901 1317 974 Cae·

241 1042 361 1102 terum
377 1052 521 1102 carmen
536 1025 709 1123 scriptum
728 1021 804 1098 luit
822 1022 867 1096 ad
886 1023 1166 1115 Pausaniam,
1183 1023 1317 1123 Empe·

241 1148 347 1223 doclis
369 1150 485 1224 civem
506 1161 543 1223 et
561 1146 739 1240 amicum,
762 1169 874 1246 quem
897 1145 1064 1244 superius
1084 1142 1156 1242 jam
1176 1171 1319 1220 memo-

174 1307 177 1314 *
241 1267 402 1344 ravimus
420 1271 501 1339 2²⁸.

198 1387 202 1394 ’
290 1389 472 1464 Postremo
483 1389 559 1464 loco
574 1387 804 1466 memoranda
820 1403 906 1466 sunt
922 1387 1205 1488 Ἐπογράμμοτο,
1221 1388 1321 1489 quod

242 1536 356 1610 genus
383 1509 486 1584 illum
510 1537 658 1611 quoque
682 1510 852 1610 attigisse,
883 1511 1047 1610 exempla
1079 1511 1174 1586 inira
1207 1512 1321 1609 posita

244 1643 433 1706 testantur.
841 1689 846 1696 .

730 1779 750 1862 s
774 1781 829 1842 ra.

293 1997 316 2070 J
317 2025 375 2072 am
392 2024 438 2074 ex
456 1997 523 2072 illis
541 2023 636 2099 quae
654 1997 948 2074 enumeravimus
967 1998 1190 2098 Empedoclis
1208 2001 1325 2098 scrip·

244 2123 288 2194 tis
320 2119 393 2194 duo
426 2120 530 2219 longe
573 2117 820 2212 celeberrima,
853 2121 901 2195 rb
930 2123 1004 2218 περ)
1036 2126 1168 2215 Φύσεως
1198 2136 1236 2196 et
1262 2151 1326 2198 κοο-

245 2241 361 2341 θοορμοί
367 2267 381 2338 3
413 2267 507 2343 quae
534 2241 692 2316 carmina
725 2241 782 2316 vel
815 2255 964 2340 propter·
983 2269 1106 2318 rerum
1129 2269 1326 2343 argumen-

245 2383 326 2440 tum
351 2379 388 2440 et
410 2365 602 2440 sententias
626 2362 683 2440 vel
706 2377 852 2464 propter
872 2363 1063 2438 dictionem
1080 2363 1177 2440 haud
1194 2367 1326 2466 exigna
1367 2455 1371 2468 Ι
1413 2451 1423 2464 ,

245 2487 428 2588 quondam
445 2485 599 2560 fuerunt
617 2486 889 2560 existimatione.
939 2483 1160 2584 Philosophi,
1184 2489 1326 2585 poetae,

139 2643 142 2648 ·
224 2609 467 2711 ‚grammatici
504 2635 545 2682 ea
581 2607 689 2707 digna
722 2608 957 2682 aestimarunt
989 2631 1084 2706 quae
1122 2605 1328 2708 diligentiam

247 2743 506 2831 cognoscerent.
556 2729 638 2802 Jam
668 2729 787 2802 Zeno
820 2727 980 2820 Eleates,
1014 2741 1058 2802 ut
1087 2729 1243 2828 magistri
1269 2731 1328 2804 sui

247 2849 468 2926 Parmenidis
494 2849 649 2926 rationes
672 2849 891 2954 explanavit,
916 2851 965 2924 sic
986 2849 1082 2924 idem
1103 2850 1327 2950 Empedoclis

248 2974 375 3074 placita
402 2999 584 3050 enarrasse
612 2971 781 3046 traditur:
806 2971 838 3046 si
865 2971 998 3047 Suidae
1025 2973 1224 3062 testimonio
1244 2999 1326 3048 cre·

248 3093 426 3186 dandum,
450 3095 587 3193 scripsit
607 3092 762 3194 ἒξῆγηοον
786 3097 849 3169 τῶν
867 3091 1133 3190 Ἐμπεδοκλέους
1153 3103 1232 3166 ⁸²⁹.
1283 3095 1329 3166 In

249 3215 493 3291 Aristotele
529 3215 667 3291 nullius
694 3215 922 3318 physicorum
954 3217 1181 3317 frequentius
1217 3241 1330 3317 quam

249 3339 343 3412 illius
369 3340 502 3412 mentio
524 3341 574 3414 fit.
625 3337 930 3437 Theophrasti
955 3363 1056 3431 vero,
1078 3353 1120 3412 ut
1140 3353 1177 3412 et
1196 3364 1331 3438 aequa-

250 3461 291 3533 lis
321 3457 400 3559 ejus
429 3459 620 3552 Xanthi,
654 3460 783 3560 scripta
807 3461 881 3558 περὶ
901 3458 1167 3556 Ἐμπεδοκλέους
1188 3487 1331 3535 memo-

250 3595 379 3656 rantur
399 3589 485 3674 220,
526 3605 685 3680 quorum
719 3579 780 3655 ille
814 3581 1038 3680 potissimum
1072 3581 1331 3684 philosophiam

284 3808 359 3878 (²27)
378 3807 482 3876 Diogen.
499 3809 527 3859 L.
540 3810 592 3874 IX,
612 3807 643 3872 53
662 3817 692 3863 ut
702 3810 805 3864 monuit
816 3811 900 3864 stan.
911 3813 993 3868 Praei
1005 3817 1032 3866 in
1046 3812 1151 3885 Emped.
1165 3814 1332 3885 pdfllxvl.

284 3905 359 3966 (aad)
377 3899 435 3952 Vid.
452 3915 541 3969 supra.
563 3914 589 3969 p.
609 3895 648 3952 55.

286 3990 360 4058 (²²9)
379 3989 469 4042 suidas
488 3991 514 4041 in
533 4006 558 4042 v.
574 3991 676 4060 Ζήνων.
709 3991 823 4044 Endocia
845 3991 910 4046 vtot.
932 4009 956 4062 p.
979 3996 1039 4055 aod.

287 4078 362 4146 (ndo)
380 4079 437 4132 Vrd.
457 4079 562 4148 Diogen.
581 4082 666 4136 [οἱοί.
689 4084 719 4146 V,
740 4099 759 4136 ι.
782 4083 831 4147 dh
856 4085 943 4147 vlu,
963 4100 983 4135 ι.
1009 4083 1050 4138 63.
