3006 4830
282 335 346 398 208
571 373 577 386 .
681 343 956 396 numeramus

284 535 363 576 unos
384 512 443 576 142
463 511 566 576 eddom
586 509 708 596 quidem
729 511 887 588 senmutit,
907 522 939 573 at
957 531 1022 572 non
1037 509 1143 572 iisdem
1158 509 1253 574 verbis
1265 521 1359 599 atquc

283 640 326 682 vs.
348 618 387 680 94
396 643 409 694 ;
430 617 559 702 denique
580 615 708 676 diversus
727 627 772 677 est
791 636 895 678 eorum
914 613 1006 676 ordo:
1027 637 1105 701 quse
1125 618 1193 678 satis
1205 618 1306 680 volent
1323 629 1362 680 ut

284 723 440 784 credamus
469 721 553 783 huuc
574 719 688 782 iocum
714 741 779 780 non
807 741 863 802 pro
891 719 999 782 eodem
1027 742 1063 780 ac
1089 722 1271 804 superiorem
1297 743 1362 786 csse

282 825 473 904 habendum,
495 837 529 886 ut
549 825 694 888 Prellerus
714 821 905 907 opinabatur.
948 825 1014 884 lmo
1033 823 1185 909 redarguit
1203 825 1279 886 illud
1295 827 1362 910 ipsc

284 931 469 1014 Simplicius,
489 931 541 1014 qui
558 929 745 1012 ihpedoclis
760 949 858 990 versus
877 927 935 989 hoc
953 927 1058 991 ordine
1070 929 1163 992 lectos
1180 952 1241 992 esse
1254 930 1360 994 docet:

283 1038 414 1118 primum
436 1055 491 1096 rss.
513 1033 649 1112 88-1233
673 1033 783 1096 deinde
799 1055 855 1096 sss.
873 1033 1008 1096 124-137
1024 1031 1097 1112 (eid.
1110 1031 1201 1116 Phys.
1216 1033 1236 1095 s.
1250 1033 1291 1096 34
1303 1033 1341 1116 Δ)
1350 1056 1361 1111 3

284 1151 352 1223 post
388 1138 443 1200 hos
476 1160 541 1198 non
573 1159 684 1220 magno
715 1137 873 1198 intervallo
904 1149 1020 1198 secutos
1049 1159 1110 1200 esse
1140 1159 1195 1201 sss.
1225 1135 1362 1200 138-149

283 1243 369 1324 (ibid.
390 1243 411 1304 s.
434 1243 454 1304 7
473 1241 540 1327 sq).
581 1245 746 1306 Postremos
766 1251 868 1301 tamen
888 1241 1023 1326 quinque
1043 1262 1155 1316 versus,
1173 1241 1362 1302 continentes

285 1349 509 1410 conclusionem
522 1407 524 1416 ,
538 1349 641 1408 istam:
671 1353 772 1424 οὕτως
792 1350 877 1429 {ptr
896 1347 927 1416 t,
946 1352 980 1414 ds
999 1353 1119 1414 πλύνων
1140 1359 1210 1415 κτλ.
1232 1346 1285 1430 qui
1305 1366 1361 1406 sss.

285 1451 390 1514 iisdem
410 1453 501 1534 plane
521 1451 616 1513 verbis
634 1452 775 1536 leguntur
792 1475 882 1536 supra
897 1451 938 1513 96
953 1474 1017 1537 sqq.
1035 1451 1085 1512 hic
1098 1451 1198 1511 miuus
1214 1462 1281 1534 apte
1298 1447 1365 1510 col·

285 1557 397 1618 locatos
419 1569 508 1641 atque
528 1555 604 1618 adeo
620 1558 815 1640 segregandos
828 1557 952 1642 judico,
969 1556 1141 1639 praesertim
1156 1577 1226 1616 com
1240 1565 1365 1637 propter

286 1663 438 1744 utriusque
466 1661 527 1722 loci
560 1661 786 1724 similitudinem
814 1661 980 1724 admodum
1009 1661 1139 1746 proclive
1169 1660 1276 1735 suerit,
1306 1659 1364 1719 ista

287 1765 503 1850 conglutinare.
545 1769 649 1850 ltaque
663 1768 748 1828 uncis
761 1788 810 1828 eos
823 1766 941 1828 inclusi.
983 1767 1135 1828 Caeterum
1150 1761 1364 1847 Empedoclem

286 1870 434 1954 ejusmodi
460 1872 651 1954 repetitiones
670 1892 734 1932 nou
755 1871 885 1932 fastidire
896 1917 906 1948 ‚
936 1871 1038 1954 plures
1057 1873 1122 1955 ejus
1142 1869 1282 1930 carminis
1301 1867 1364 1928 loci

287 1975 469 2050 ostendunt,
490 1989 521 2038 ct
542 1975 719 2060 comprobat
738 1975 816 2036 illud
837 1979 901 2062 ejus
921 1976 1065 2038 effutumt
1089 1985 1138 2044 set
1160 1980 1202 2052 ne
1220 1985 1274 2057 γὶρ
1294 1978 1310 2040 ὃ
1328 1977 1363 2047 δὴ

288 2087 378 2149 nasto
399 2085 477 2150 dress
494 2085 629 2150 isonis!

330 2187 459 2248 Itocetur
487 2197 588 2248 autem
611 2185 658 2248 his
678 2187 827 2264 versibus,
851 2189 961 2250 mutari
980 2197 1126 2271 perpetuo
1146 2185 1366 2248 elementorum

289 2292 366 2352 vices
376 2335 386 2368 ,
408 2291 499 2352 modo
520 2313 691 2353 evanescere
712 2291 803 2352 modo
824 2313 924 2354 rursus
944 2313 1107 2375 apparere3
1132 2291 1197 2374 ipsa
1217 2288 1367 2372 principia

288 2405 409 2455 aeterna
429 2417 506 2471 esse,
527 2395 632 2456 variari
652 2416 721 2457 vero
741 2407 771 2456 et
791 2417 958 2458 commeare
974 2397 1052 2456 iuter
1066 2417 1096 2456 se
1110 2395 1255 2471 invicem,
1269 2413 1367 2475 eoque

289 2501 383 2560 variae
402 2499 527 2560 induere
548 2498 677 2582 figuras,
706 2511 768 2560 tam
789 2499 862 2576 diu,
889 2499 986 2560 donec
1009 2500 1111 2560 omnia
1134 2518 1234 2559 rerum
1254 2505 1369 2557 morta-

289 2603 366 2664 lium
385 2624 495 2685 genera
515 2603 684 2687 formasque
705 2605 930 2686 permeoverint.
948 2603 1047 2664 -De
1064 2603 1194 2664 lectione
1214 2599 1289 2660 haec
1310 2619 1370 2660 no-

290 2705 399 2767 tanda:
436 2706 857 2792 rs.140:Simpl.’e'mys‚
889 2711 997 2770 rectius
1017 2729 1109 2792 quam
1129 2727 1218 2790 supra
1237 2711 1299 2773 teu
1320 2705 1371 2766 vel

289 2815 378 2879 tneo.
404 2831 448 2872 vs.
470 2811 543 2871 141:
568 2809 756 2902 idemlmpoo
773 2834 828 2895 pro
852 2821 945 2895 θηρᾶν,
967 2812 1049 2898 quod
1071 2810 1265 2873 emendatum
1285 2809 1371 2872 dedit

291 2915 437 2992 Sturrius3
460 2914 500 2974 sic
518 2915 651 2974 dominer
663 2929 693 2978 et
705 2918 784 2979 seclo
794 2922 925 3000 sernum
939 2919 1057 2979 Lucret.
1071 2917 1131 2992 ΙΙΙ,
1144 2901 1215 2976 753'.
1233 2936 1276 2976 vs.
1291 2914 1368 2976 14³:

291 3019 396 3104 Simpl.
421 3009 584 3101 possam.
606 3040 648 3080 vs.
673 3020 750 3084 lto:
780 3026 811 3092 is
837 3024 984 3084 omittitur
1010 3031 1041 3082 et
1066 3041 1121 3104 pro
1148 3023 1166 3101 ff
1186 3034 1239 3100 μὴ
1259 3053 1300 3066 -
1322 3023 1369 3094 ἥδε

290 3123 399 3207 legitur
419 3127 435 3199 ἦ
452 3137 504 3204 μιν
522 3158 562 3172 -
583 3125 599 3199 ἦ
621 3130 669 3202 te,
692 3146 736 3187 vs.
758 3126 832 3188 1492
860 3139 940 3188 recte
962 3132 1092 3202 dumea,
1119 3147 1208 3208 supra
1231 3131 1366 3200 mouns

333 3229 380 3292 Vs.
405 3229 473 3291 144.
514 3235 614 3306 sirim
633 3234 667 3298 ds
685 3235 771 3308 κτλ.)
811 3235 914 3298 Versus
935 3230 1103 3307 obscurior;
1130 3251 1231 3291 sensus
1251 3229 1371 3292 ridetur

291 3330 342 3393 hic
362 3354 438 3394 essee
460 3355 505 3394 res
522 3345 647 3396 naturae
667 3335 758 3396 modo
775 3337 808 3397 in
828 3358 925 3396 unum
943 3335 1079 3395 ordinem
1099 3335 1259 3418 componi,
1276 3334 1370 3396 modo

292 3457 392 3498 rursus
417 3437 567 3521 dissipari,
595 3461 719 3523 eamque
746 3441 978 3501 vicissitudinem
1000 3439 1108 3501 tandiu
1128 3439 1252 3516 durare,
1276 3439 1370 3501 donec

293 3543 480 3604 condescendo
502 3564 601 3604 omnes
621 3565 717 3604 renem
736 3557 764 3606 st
783 3549 980 3606 animantium
994 3547 1105 3628 [omos
1129 3555 1156 3604 et
1173 3565 1281 3626 persero
1297 3567 1371 3628 per·

292 3649 451 3708 monuerint
458 3692 467 3724 ,
486 3651 587 3708 ocrim
608 3649 720 3730 figurae
738 3650 898 3710 induerint.
940 3658 973 3718 ret
996 3661 1051 3719 ,ἄν
1072 3657 1198 3730 §usurpes
1216 3651 1370 3734 accipien-

293 3751 368 3838 dum
390 3772 445 3834 pro
465 3763 563 3821 πάντα
583 3762 624 3818 τὶ
646 3759 783 3834 ὑπένερθεν
803 3759 860 3828 ro„
880 3755 938 3816 sire
958 3765 1081 3824 umora
1099 3760 1175 3824 mu
1195 3763 1313 3830 tomos,
1334 3764 1371 3815 ut

293 3855 427 3920 dicitvr.
448 3857 486 3936 6,
507 3869 538 3920 et
560 3868 702 3942 γίγνεσθαι
722 3869 757 3926 et
777 3870 834 3930 πᾶν
853 3861 976 3944 interpr.
998 3863 1031 3920 in
1051 3881 1150 3921 omnes
1169 3865 1282 3942 somus
1301 3880 1371 3920 ms-

293 3965 366 4040 ton',
384 3963 639 4048 quemadmodum
659 3964 696 4026 de
713 3965 819 4027 Proteo
837 3963 910 4026 dicit
929 3967 1045 4027 Homer.
1062 3963 1116 4028 od.
1131 3968 1161 4038 t,
1176 3963 1253 4026 417:
1272 3973 1371 4033 faova
