3016 4840
597 382 839 437 ramosorant.
1191 375 1256 438 ³23

49 617 51 620 .
175 561 233 626 τοῦ
260 553 471 649 σφαίρουΗ.
524 553 588 624 Hic
618 556 663 626 ita
697 555 852 644 disserit,
888 555 989 654 quasi
1022 554 1253 653 Empedocles

175 675 373 748 formarum
406 675 594 748 discrimen
630 703 649 746 a
685 679 800 774 prima
835 689 871 750 et
903 673 1051 774 simplici
1086 676 1251 769 materie,

173 819 283 895 quam
303 798 441 874 vocavit
461 799 614 894 σφαῖρον,
634 796 858 896 disjunxerit.
898 793 991 868 Alibi
1016 821 1102 872 vero
1124 796 1251 889 refert,

174 916 424 1015 Empedoclem
448 917 578 1007 dicere,
604 915 636 993 ἐν
664 918 712 1016 τῷ
734 920 866 1017 σφαῖρῳ
890 915 1005 994 πάντα
1030 919 1077 994 rit
1099 915 1169 1008 &ltin
1188 945 1252 1012 με·

173 1035 313 1139 μΐχθαι,
328 1041 365 1111 in
383 1040 530 1139 sphaera
547 1041 656 1114 mixta
677 1065 751 1114 esse
766 1041 895 1133 omnia,
911 1065 1031 1143 neque
1054 1042 1169 1116 solum
1191 1041 1251 1115 di·
1276 1137 1279 1142 Ι

174 1187 273 1234 versa
293 1161 485 1252 elementa,
506 1161 567 1235 sed
589 1162 694 1234 etiam
716 1161 871 1237 diversas
895 1165 1118 1236 animantum
1144 1187 1253 1236 mem·

173 1279 395 1382 brorumque
422 1282 569 1382 species,
601 1284 642 1364 oia
669 1281 707 1375 ‘ll
735 1287 781 1379 μ)
807 1284 902 1380 μόνον
929 1289 991 1360 τῶν
1017 1286 1193 1386 στοιχείων
1219 1282 1252 1359 ἓν

172 1402 328 1494 ἀλλήλοις
345 1407 556 1505 μεμιγμένων
571 1403 604 1482 ἓν
623 1405 671 1505 τῷ
690 1409 843 1507 σφωίρῳ,
860 1407 956 1484 ἀλλὰ
976 1409 1033 1484 κα)
1052 1413 1114 1482 τῶν
1135 1409 1248 1505 μορίων

172 1533 233 1602 τῶν
259 1525 343 1623 ζώων
359 1532 416 1603 ³⁸.
467 1529 574 1602 letius
596 1553 681 1602 vero
702 1529 941 1627 ambiguitatis
966 1529 1111 1628 culpam
1130 1530 1170 1601 in
1192 1530 1252 1628 ip-

171 1677 254 1725 sum
284 1649 536 1750 Empedoclem
566 1653 705 1726 confert
728 1653 770 1732 sir
793 1649 985 1748 ἀσύμφωνα
1007 1649 1254 1747 mandimus,

171 1777 309 1874 quippe
337 1776 401 1874 qui
427 1799 548 1848 unum
578 1775 803 1874 aliquatenus
827 1775 933 1848 faciat
960 1773 1146 1848 materiem
1174 1773 1251 1848 cle-

173 1897 304 1969 mentis
326 1896 535 1996 subjectam,
559 1896 786 1996 aliquatenus
806 1898 964 1992 ipsorum
992 1895 1253 1968 elementorum

173 2015 451 2092 concretionem:
470 2019 632 2117 quocirca
651 2014 787 2107 ἄδηλον,
799 2013 933 2117 inquit,
947 2017 1043 2090 arim
1056 2017 1126 2115 χρ)
1143 2013 1253 2091 rider-

173 2139 224 2214 θαι
249 2139 380 2240 ἀρχὴν,
405 2139 481 2216 ’ὅσον
507 2138 546 2213 ἐκ
573 2145 635 2213 τῶν
662 2139 738 2236 παρ’
766 2141 868 2212 αὐτοῦ
891 2143 1097 2237 λεγομένων,
1117 2140 1253 2236 πότερον

172 2264 227 2336 rba
259 2267 399 2361 σφαῖραν
430 2269 492 2337 τῶν
526 2265 725 2361 στοιχείων,
756 2261 774 2354 li
804 2270 914 2334 ταῦτα
947 2269 1006 2334 τοῦ
1037 2261 1180 2356 σφαῖραν
1197 2268 1250 2333 ³⁹.

172 2385 329 2481 Apparet
363 2384 448 2482 jam,
488 2409 582 2484 quae
611 2383 827 2480 Plriloponus
853 2381 891 2454 in
919 2381 1142 2479 Empedoclis
1166 2405 1254 2455 sen-

172 2505 319 2576 tentiam
342 2505 497 2594 disserit,
521 2505 610 2576 nihil
631 2529 706 2578 esse
727 2505 794 2576 nisi
816 2503 1086 2602 explicationem
1108 2527 1254 2590 eorum,

170 2648 267 2723 quae
296 2628 395 2724 prius
425 2629 521 2698 varie
547 2627 724 2723 disputata
748 2639 851 2696 erant
873 2623 918 2696 ab
941 2622 1137 2696 Aristotele.
1187 2623 1254 2696 In-

174 2747 316 2818 terdum
341 2761 459 2820 tamen
481 2747 656 2823 diversam
680 2745 882 2844 ingreditur
903 2746 1016 2835 riam,
1038 2749 1178 2843 σφαῖραν
1196 2746 1254 2818 in·

175 2881 374 2966 terpretans
389 2865 646 2967 intelligibilem
664 2865 844 2939 mundum
862 2865 1017 2964 (roario),
1029 2865 1254 2965 adspectabili

172 3014 218 3061 ex
245 2989 429 3062 elementis
456 2987 605 3062 conflato
630 2986 805 3087 (αἰσθητῷ)
828 2991 1047 3088 oppositum3
1071 3012 1165 3088 quae
1193 2991 1254 3062 in·

173 3116 378 3211 terpretatio
397 3141 416 3184 a
432 3111 789 3186 Neo-Platonicorum
807 3111 967 3186 sontibus
983 3113 1090 3186 ducta
1103 3111 1254 3184 inferius

174 3247 376 3331 exponetur
396 3243 453 3304 ⁴0.
506 3233 576 3307 lstt
606 3249 728 3308 autem
759 3235 933 3332 μίγματος
965 3235 1111 3308 notione
1143 3231 1254 3306 semel

173 3357 334 3453 reeeptd,
369 3353 536 3454 deinceps
570 3353 853 3454 argumentando
884 3382 925 3430 eo
958 3381 1173 3454 processere,
1210 3366 1254 3426 ut

172 3474 445 3574 Empedocleam
468 3467 641 3550 rationem
665 3475 772 3574 plane
791 3475 1031 3551 deflecterent.
1083 3477 1139 3548 Sic
1154 3475 1252 3548 enim

205 3739 261 3806 (37)
277 3739 375 3808 Pbilop.
387 3739 413 3790 in
428 3740 530 3790 bristot.
544 3738 576 3788 de
589 3739 678 3789 Gener.
690 3747 716 3789 et
729 3739 802 3789 Corr.
815 3741 839 3800 1,
855 3737 898 3789 lb
913 3743 940 3789 A.

205 3827 261 3894 (38)
278 3829 352 3880 ldcm
373 3829 400 3879 in
419 3829 522 3880 Ariston
535 3825 609 3894 Phys.
626 3831 668 3891 11,
686 3827 724 3880 lit.
736 3827 772 3892 Η,
791 3829 827 3880 13.
862 3827 1006 3897 Utrumque
1018 3823 1154 3893 Philoponi
1165 3825 1251 3874 locum

172 3925 258 3968 totum
269 3917 406 3986 exscripsit
418 3919 502 3970 Stura.
515 3917 623 3986 Emped.
636 3935 661 3986 p.
677 3917 723 3970 ssa
737 3927 764 3970 et
776 3917 834 3980 374.
846 3916 878 3968 el.
893 3916 994 3986 Philop.
1006 3913 1067 3966 ibid.
1080 3913 1118 3964 tit
1132 3913 1166 3976 C,
1179 3911 1203 3963 5.

207 4007 262 4074 (39)
278 4003 436 4077 Philopcuus
447 4007 473 4059 in
487 4008 588 4060 tristor.
602 4007 693 4058 Gener.
707 4013 733 4058 et
747 4007 819 4061 Gerr.
832 4007 860 4067 Ι,
876 4005 891 4057 l'.
905 4003 957 4057 51³.

208 4097 263 4162 (lto)
281 4093 330 4148 tud
352 4095 367 4164 ἓ
383 4095 419 4148 13.

1066 4186 1131 4256 21*
