2952 4836
553 417 795 510 eumoeoruu.
1141 409 1209 470 Ι419

136 587 180 658 At
197 583 261 658 hoc
279 582 415 656 dictum
436 582 480 656 ad
498 599 647 660 naturae
665 585 858 686 primordia
878 597 1019 660 tantum
1035 602 1209 685 spectare,

135 731 247 808 quum
268 705 444 779 Discordia
465 699 627 780 noudum
650 709 688 779 in
711 722 888 782 extremas
906 707 998 782 orbis
1020 737 1097 784 oros
1120 709 1210 784 rele-

134 841 207 928 gata
228 841 337 920 emet,
359 829 434 926 ipae
456 828 576 921 docet,
599 827 842 930 superioribus
866 829 954 905 haeo
975 828 1125 904 addens:

127 957 135 972 ’
692 953 821 1050 οὐγὰρ
848 952 1032 1050 earcere

202 1101 253 1147 πω
277 1077 347 1149 πᾶν
374 1071 548 1163 ἐξέστηκεν
573 1071 623 1147 ἐπ’
650 1077 793 1174 ἔσχατα
818 1077 971 1174 τέρματα
995 1079 1126 1150 κύκλου.
1242 1149 1244 1156 .

135 1192 237 1270 Unde
273 1191 384 1268 aimul
418 1193 566 1293 intelligi
599 1209 729 1294 potest,
763 1195 944 1296 deinceps,
975 1195 1212 1272 invalescente

134 1316 240 1414 magio
263 1316 447 1416 magisque
470 1314 634 1389 Amicitia
659 1331 696 1389 et
723 1317 865 1417 repulsa
883 1317 1079 1409 Discordia,
1103 1315 1212 1416 paul-

133 1434 229 1509 latim
257 1449 387 1511 cuncta
409 1439 448 1508 in
476 1436 605 1510 mundi
627 1437 791 1512 ordinem
816 1440 1001 1512 constricta
1024 1463 1109 1512 eece.

176 1557 337 1634 Mundus
355 1583 439 1654 ergo
460 1556 661 1632 secundum
685 1559 938 1658 Empedoclem
957 1584 1071 1650 uuus,
1090 1557 1210 1632 omnia

133 1693 202 1754 tam
226 1679 349 1756 divina
378 1705 489 1779 quem
519 1677 678 1752 humana
709 1681 934 1780 complexus,
955 1681 1059 1780 isque
1077 1679 1216 1772 finitos,

132 1802 243 1876 lormd
264 1817 388 1878 autem
415 1799 630 1893 rotundi,
653 1801 750 1902 quod
777 1818 926 1901 apparet
947 1818 1027 1876 tum
1050 1801 1217 1893 aliunde,

132 1936 212 2018 tum*
236 1951 282 1998 ex
310 1950 353 1998 eo
377 1925 475 2026 quod
506 1923 642 2014 aether,
673 1923 825 1998 ultimus
856 1925 943 1999 coeli
968 1924 1080 2018 orbis,
1104 1921 1150 1997 ab
1171 1945 1215 1996 eo

132 2044 259 2119 dieitur
297 2048 457 2145 σφίγγων
480 2048 553 2145 περὶ
582 2051 701 2122 κύκλον
728 2044 887 2140 ἅπαντα,
918 2049 1044 2119 omnia
1077 2049 1226 2118 circum

132 2168 299 2240 coercens
323 2175 381 2240 ⁷⁷.
443 2168 613 2243 Stobaeus
655 2194 739 2244 vero
776 2171 888 2242 refert
916 2167 1019 2240 illum
1054 2181 1215 2266 putasae,

132 2288 215 2362 coeli
235 2289 357 2388 majus
385 2315 460 2363 esse
488 2289 689 2364 latitudinis
713 2291 868 2390 epatium
891 2313 1002 2390 quam
1019 2285 1217 2361 altitudinis

131 2409 387 2510 mundumque
412 2409 498 2485 adeo
526 2411 600 2487 ovi
629 2411 818 2484 formam
850 2409 998 2500 habere,
1029 2409 1080 2508 ὦῷ
1108 2437 1217 2508 trapo-

131 2535 275 2622 mtnot'or
292 2533 347 2610 clv
365 2531 489 2630 κόσμον
505 2531 631 2612 κεῖσθαι
647 2536 703 2608 ⁷⁸.
729 2531 828 2606 Num
845 2529 1077 2630 Empedocles
1092 2558 1216 2608 revera

131 2655 317 2730 mnndum·
343 2653 454 2746 ὧαειδῆ
480 2654 628 2750 dixerit,
663 2655 790 2728 merito
820 2651 982 2746 dubitet,
1011 2657 1217 2752 praesertim

130 2805 251 2878 quum
280 2775 484 2854 Aristoteles
512 2779 549 2850 in
578 2775 736 2852 secundo
757 2773 804 2850 de
827 2772 931 2848 caelo
954 2773 1215 2868 demonstrans,

131 2899 273 2974 ooelum
306 2925 380 2975 esse
412 2915 553 2974 tantum
582 2897 808 2998 σφαιροειδές,
841 2923 914 2972 non
950 2895 1124 2995 φακοειδές
1157 2897 1216 2972 vel

132 3019 280 3115 orente,
293 3020 438 3096 nullum
453 3035 620 3098 veterum
636 3021 868 3124 physicorum
886 3034 1058 3094 memoret
1075 3021 1135 3093 cui
1147 3019 1216 3092 tole

131 3143 220 3244 quid
244 3143 418 3242 placuerit
434 3150 490 3216 ⁷⁹.
539 3143 676 3218 Pariter
699 3141 805 3216 silent
823 3141 1047 3239 interpretes.
1087 3121 1216 3243 Neque

133 3264 211 3340 ideo
233 3279 356 3340 tamen
381 3263 575 3358 absonum,
596 3261 868 3363 Empedoclem,
893 3261 1022 3337 mundi
1040 3261 1216 3338 ambitum

132 3385 211 3460 colia
232 3383 320 3460 orbe
342 3388 550 3462 metientem
567 3391 622 3479 ⁸0,
643 3385 682 3458 in
700 3383 804 3460 iatam
821 3385 1023 3483 opinionem
1041 3385 1213 3462 incidisse.

166 3643 223 3710 (77)
240 3639 347 3712 Emped.
365 3657 402 3692 rc.
424 3641 477 3696 185.
807 3719 810 3724 Ι

164 3735 224 3797 (78)
241 3732 367 3785 sichaeus
384 3731 447 3784 Ecll.
467 3731 542 3799 Phys.
561 3735 587 3794 l,
606 3745 643 3794 27.
663 3749 689 3799 p.
708 3727 763 3781 566.

66 3853 70 3862 ·
163 3821 541 3890 (79)l.ristot.dccoel.11‚
562 3823 585 3884 [ι.

162 3915 218 3974 (eo)
234 3909 364 3964 Plutarch.
389 3911 457 3964 Plcc.
482 3910 547 3984 phil.
567 3915 607 3977 11,
635 3929 663 3963 ιι
687 3913 780 3981 ’Epic
801 3918 852 3984 τὴν
876 3917 926 3970 τοῦ
946 3916 1026 3981 ἡλίου
1044 3917 1217 3987 περιδρομὴν

134 3997 206 4057 εἶναι
225 4007 400 4074 περιγραφὴν
420 4007 470 4059 τοῦ
491 4006 591 4072 κόσμον
613 4009 660 4058 rol
680 4011 869 4080 τοῦτοπέρας
888 4007 986 4062 αὐτοῦ.
1012 4007 1048 4060 Cf.
1069 4008 1139 4062 Stob.
1156 4009 1217 4064 Ecll.

132 4093 207 4164 Phys.
235 4113 258 4165 p.
280 4097 337 4159 44⁰·
356 4096 443 4152 Gelon.
465 4097 529 4152 uio.
549 4098 610 4169 putt.
634 4101 689 4160 XI,
710 4119 736 4172 p.
759 4101 791 4154 3³
811 4102 838 4154 F.

1029 4191 1096 4294 27*
