3040 4844
261 333 326 395 370
665 348 711 394 DE
734 345 949 396 armoenia

196 604 199 612 ¹
264 519 370 618 cipue
394 517 699 610 Neo-Platonicis,
730 541 888 618 quorum
918 519 1093 592 sententia
1119 515 1177 592 htc
1202 543 1347 593 accura-

263 637 335 712 tim
359 638 582 738 exponenda

311 759 466 834 Unum
500 759 551 834 illi
585 763 688 836 aiunt
723 787 797 836 esse
832 763 888 839 ris
911 766 1072 861 σφαῖρον,
1095 764 1234 838 multa
1260 791 1348 840 vero

263 883 319 958 riv
343 883 490 981 κόσμον,
513 909 672 985 quorum
697 883 851 960 alterum
873 884 919 960 ab
933 885 1147 986 Empedocle
1163 885 1343 960 mundum

261 1007 633 1104 intelligibilem,
659 1007 813 1081 alterum
839 1007 1188 1108 adspectahilem
1214 1007 1345 1084 intelli-

261 1130 317 1228 gi3
348 1128 386 1202 in
421 1129 481 1203 illo
514 1131 786 1219 Amicitiam,
819 1131 857 1202 in
890 1129 957 1204 hoc
988 1131 1257 1205 Discordiam
1281 1131 1345 1204 do-

262 1251 393 1326 minari
411 1261 490 1326 ¹⁷¹.
543 1253 672 1344 Quum
698 1279 802 1352 porro
826 1251 937 1346 dicat,
967 1251 1099 1328 horum
1123 1253 1344 1329 mundorum

262 1375 417 1448 alterum
442 1399 641 1448 commeare
666 1377 704 1448 in
730 1375 883 1450 alterum
904 1389 939 1449 et
959 1377 1009 1450 sic
1029 1375 1148 1451 ambos
1171 1389 1347 1476 perpetuo

261 1498 411 1586 vanari,
435 1521 509 1570 non
534 1495 600 1570 hoc
626 1523 711 1570 eum
732 1497 869 1586 dicere,
896 1497 1006 1570 altero
1022 1498 1196 1571 exstincto
1212 1497 1346 1570 renasci

262 1615 436 1691 alterum:
473 1632 675 1717 utrumque
710 1619 807 1691 euim
833 1634 868 1693 et
893 1617 1078 1718 sphaeram
1105 1616 1345 1691 otmundum

262 1765 403 1838 semper
427 1739 580 1812 durare:
616 1741 677 1814 scd
703 1755 861 1840 spectare
886 1741 929 1813 ad
955 1753 1129 1814 mutuum
1154 1741 1347 1839 utriusque

262 1861 391 1935 mundi
433 1863 687 1935 commercium
728 1875 765 1935 ct
800 1861 1005 1936 animorum
1041 1887 1106 1959 per
1144 1875 1346 1958 utrumque

261 1983 444 2057 mundum
470 1998 641 2058 meatum.
693 1984 893 2058 Audiamus
915 1985 1016 2084 ipsos.
1049 1985 1219 2084 syrianus
1243 1981 1346 2074 dicit,

260 2104 535 2205 Empedoclem,
570 2119 614 2178 ut
641 2104 916 2207 Pythagoricum
948 2119 985 2178 ct
1008 2105 1228 2204 Orphicum,
1268 2117 1345 2202 post

260 2254 380 2302 unum
410 2227 664 2364 universopum
704 2225 924 2326 principium
962 2251 1097 2326 ponere
1135 2225 1222 2300 haec
1257 2225 1347 2317 duo,

131 2339 136 2350 ⁵
261 2350 460 2422 Amicitiam
486 2361 524 2421 et
543 2350 675 2421 Lrtem:
703 2375 773 2422 rex
794 2346 849 2419 his
874 2373 959 2422 vcro
980 2348 1161 2446 principiis
1180 2361 1217 2420 et
1235 2347 1346 2422 intel-

261 2469 455 2571 nligibilem
471 2467 653 2542 mundun
673 2493 857 2569 emergere
875 2481 913 2541 et
928 2466 1143 2542 sensibilem.
1172 2469 1215 2542 ln
1238 2467 1346 2543 intel-

260 2591 412 2692 rligibili
427 2592 549 2691 igitur,
560 2589 734 2690 appellato
749 2589 949 2689 sphaera,
962 2589 1158 2664 secuudum
1171 2590 1345 2664 actionem

262 2713 377 2816 »(uar'
399 2711 575 2812 ἐνέργειαν)
593 2711 769 2786 dominari
782 2713 998 2803 Amicitiam,
1015 2725 1162 2811 propter
1172 2713 1345 2786 unionem

260 2835 576 2910 »innaterialiu
602 2849 639 2908 et
662 2835 869 2908 divinarum
893 2831 1197 2926 substantiarum
1226 2875 1273 2890 -
1306 2837 1345 2908 iu

262 2957 441 3032 asendbili
465 2983 549 3034 vero
574 2955 726 3031 Litem.’'
776 2954 876 3029 Idem
898 2953 981 3028 alibi
998 2955 1044 3030 de
1061 2955 1260 3030 Discordiae
1279 2981 1345 3028 na·-

262 3095 342 3156 tura
367 3078 568 3153 secundum
592 3076 845 3178 Empedoclem
869 3075 1044 3152 disserena
1068 3079 1133 3172 ait,
1158 3077 1251 3151 hanc
1273 3103 1347 3152 non

262 3217 360 3278 recte
394 3199 633 3300 corruptionis
668 3199 886 3298 principium
911 3197 1050 3274 haberi:
1079 3201 1347 3302 »nequeenim

262 3327 345 3400 »Lis
368 3341 422 3398 est
446 3321 653 3420 corruptiva
670 3367 716 3382 -
733 3322 806 3421 ipsa
831 3322 967 3421 quippe
982 3335 1037 3395 est
1052 3345 1148 3422 qnae
1164 3321 1349 3397 muudum

262 3447 715 3546 »facit-nequertpoipor
740 3469 938 3546 uuquam
963 3443 1226 3522 dissolvitur
1250 3443 1348 3544 apud

295 3692 371 3758 (¹7¹)
384 3690 502 3745 Breviter
514 3689 602 3744 Sclrol.
616 3689 722 3744 tristot.
736 3691 765 3741 in
776 3690 890 3759 ltetaph.
902 3705 927 3760 p.
940 3687 989 3752 534
999 3707 1030 3742 aa
1050 3690 1149 3757 ἔλεγεν
1161 3690 1207 3756 ὃς,
1219 3693 1289 3743 ὅταν
1300 3689 1350 3756 μὲν

263 3785 299 3834 τὰ
314 3785 435 3852 τέσσαρα
456 3793 584 3852 στοιχεῖα
600 3791 636 3852 τῇ
649 3782 729 3849 φιλίᾳ
749 3784 948 3852 συγκριθὺσιν,
965 3783 979 3834 ὅ
997 3792 1141 3854 uocatque
1156 3785 1349 3854 dnosrlctrm,

263 3877 295 3930 ts
313 3879 413 3946 νοητὸν
430 3877 573 3943 ὀνόμαζον
593 3878 696 3934 ἐκεῖνος
717 3877 873 3941 διάκοσμον·
895 3878 964 3928 ὅταν
984 3876 1016 3930 o‘l
1032 3881 1084 3931 τοῦ
1102 3883 1212 3938 vetusne
1235 3881 1349 3948 ἐπικρά-

262 3986 338 4040 τησις
356 3972 487 4038 γένηται,
505 3971 571 4024 τότε
596 3972 730 4040 διάκρισις
750 4003 758 4021 .
780 4007 786 4022 .
809 4009 814 4022 .
838 3974 885 4024 nat
908 3974 961 4023 τῶν
979 3971 1007 4022 ἔν
1028 3974 1066 4037 τῷ
1084 3975 1214 4044 αἰσθητῷ
1236 3977 1351 4042 κόσμῳ

265 4065 490 4136 τελεσιοῦργησις.
