3006 4830
301 357 365 422 218
698 368 978 420 conuicerimus

300 543 401 611 σἰλῆη
430 536 567 596 vitiosum
593 555 671 611 esse,
691 535 760 595 lucc
781 534 907 596 clarius:
928 557 1000 596 nam
1023 536 1096 620 quid
1120 537 1199 598 istud
1220 537 1276 599 sihi
1296 537 1378 614 vult,

301 644 419 725 lapideo
448 641 545 702 lunai
574 651 680 724 atque,
713 641 802 700 etiam
833 642 856 699 si
888 651 968 702 recte
996 640 1159 718 diceretur,
1190 651 1224 703 ut
1249 642 1378 704 Sturaius

301 747 474 824 contendit,
499 745 651 832 quomodo
672 745 704 806 in
725 743 801 803 illud
823 745 964 805 convenit
984 744 1136 807 Plutarchi
1158 747 1378 830 interpretatio,

300 851 464 935 significari
487 851 548 912 hoc
572 848 703 933 epitheto
726 857 759 916 rt
779 853 929 934 icamia
949 855 1037 928 oiei'e
1056 860 1107 918 eat
1125 859 1222 934 ἱλιρλν
1241 861 1291 920 eet
1308 859 1378 920 tae-

301 959 373 1026 m?
397 956 553 1042 Xylander
580 958 661 1038 conj.
689 963 810 1038 impe.
836 967 938 1034 acute,
968 957 1011 1018 sic
1038 959 1224 1042 llesychiuas
1253 965 1377 1041 ἱλίειρι.

300 1071 408 1138 σελήνη.
451 1063 486 1124 Et
512 1081 584 1122 sanc
608 1063 701 1121 utitur
724 1061 777 1121 illa
800 1061 1003 1144 appellatione
1024 1063 1219 1146 Empedocles
1238 1085 1280 1125 vs.
1304 1064 1377 1142 1933

300 1169 352 1233 sed
379 1169 437 1230 hoc
465 1167 534 1228 loco
560 1187 624 1226 non
647 1165 789 1226 convenit
808 1175 921 1244 metro;
948 1167 1047 1228 hiatus
1068 1170 1149 1228 enim
1170 1171 1266 1230 estin
1286 1167 1378 1230 verbis

299 1281 344 1351 ,tta
365 1283 493 1354 imm,
518 1270 557 1331 ad
578 1292 669 1355 quem
690 1269 897 1354 supplendum
917 1271 1073 1355 Xylander
1092 1272 1215 1355 quidem
1236 1273 1296 1356 leg.
1315 1295 1379 1356 pro

301 1383 416 1465 posuit:
447 1383 487 1452 ἧδ’
508 1379 544 1444 ai
565 1377 611 1437 vel
632 1383 647 1452 ἦ
666 1375 692 1441 δ’
712 1378 750 1443 αὖ
768 1383 893 1458 imme,
917 1377 999 1461 quod
1017 1389 1196 1460 receperunt
1213 1379 1335 1440 llutten.
1351 1389 1378 1438 et

300 1483 461 1570 Wyttenb.
489 1493 658 1544 esttamen
688 1480 767 1541 illud
794 1493 949 1559 coactum,
972 1491 1124 1564 praeterea
1151 1480 1259 1542 duhito
1287 1505 1325 1544 an
1348 1486 1378 1544 in

231 1649 236 1656 .
300 1590 360 1652 hoc
386 1588 540 1672 epitheton
569 1587 637 1647 satis
666 1585 794 1670 quadret
826 1585 979 1648 Plutarchi
1012 1587 1065 1647 illa
1095 1588 1318 1668 interpretatio,
1347 1598 1379 1655 qt

301 1701 448 1778 imanis
467 1703 516 1760 eet
533 1699 629 1772 imis
646 1701 695 1758 sat
712 1697 838 1767 ἄλυπον,
859 1691 1007 1752 suliiceret
1026 1713 1126 1752 unum
1146 1699 1253 1774 ἱλαρόν.
1280 1693 1379 1780 ltaque

300 1807 504 1890 cconjectura
521 1803 623 1885 scripsi
639 1807 803 1884 tymme
823 1807 935 1877 σελήνη,
951 1801 1032 1886 quod
1047 1812 1077 1862 et
1088 1813 1183 1862 metro
1198 1801 1338 1862 satisfacit
1352 1811 1379 1860 et

301 1911 398 1972 wnsui
419 1909 575 1988 convenit,
597 1910 709 1993 quippe
729 1909 843 1969 lactum
862 1908 900 1968 ab
919 1913 1050 1990 bytinia,
1069 1909 1102 1969 in
1123 1929 1184 1992 quo
1204 1908 1378 1988 splendoris,

300 2017 461 2076 senectutis
483 2024 513 2074 et
535 2013 664 2074 loetitiae
684 2013 768 2073 notio
789 2015 959 2095 conjuncta
979 2015 1066 2073 inest.
1107 2012 1209 2096 Neque
1230 2011 1380 2073 literarum

301 2117 395 2179 ductu
422 2117 499 2178 illud
529 2141 546 2178 a
573 2117 694 2198 vulgato
718 2125 806 2185 λίίνα
833 2117 964 2177 multum
991 2117 1099 2178 distat:
1128 2139 1216 2196 narn,
1245 2117 1380 2198 absorpta

300 2223 418 2306 syllaba
442 2223 568 2304 initiali,
597 2223 768 2284 terminatio
787 2251 835 2290 -sa
855 2243 964 2306 parom
985 2223 1084 2285 differt
1103 2223 1142 2285 ab
1162 2247 1259 2300 neca,
1288 2239 1378 2308 quum

265 2307 274 2322 ⁶
300 2359 313 2396 ν
334 2339 363 2390 et
382 2357 408 2406 ις
428 2350 515 2413 saepe
536 2328 661 2390 confusa
682 2329 760 2404 sint,
785 2340 820 2389 ut
840 2328 929 2390 docet
948 2331 1024 2392 nass
1047 2341 1211 2390 comment.
1233 2329 1377 2410 Palaeogr.

300 2455 332 2519 p.
353 2433 424 2496 726.
467 2437 572 2518 ltaque
602 2434 665 2510 sac,
693 2433 806 2494 librarii
832 2433 949 2494 incurii
979 2455 1035 2517 pro
1054 2441 1220 2518 tymme
1240 2435 1379 2517 scripturn

301 2563 361 2602 esse
389 2545 535 2608 laniem
554 2539 667 2622 (prouti
688 2557 728 2599 vs.
753 2535 812 2598 198
834 2539 1067 2601 confunduntur
1085 2545 1241 2623 tymme,-
1261 2553 1291 2603 et
1309 2543 1381 2605 dta-

301 2651 395 2722 ὅτις),
415 2643 488 2707 inde
507 2645 650 2706 facillime
669 2653 756 2711 λίίνιι
777 2654 883 2703 natum
905 2655 959 2704 est.

342 2753 392 2814 Vs.
414 2749 483 2812 187.
525 2750 599 2819 ἀλλ’
620 2756 634 2815 i
653 2762 707 2829 μὲν
726 2753 834 2824 inat.)
874 2751 996 2808 Versum
1018 2749 1099 2810 edidi
1119 2761 1154 2812 ut
1173 2750 1299 2813 exhibet
1311 2749 1381 2832 ury-

302 2855 455 2938 mologus,
475 2855 533 2917 nisi
549 2855 630 2940 quod
646 2863 740 2934 μΙλιν
757 2875 812 2936 pro
827 2862 913 2934 μέσον
925 2857 1023 2938 recepi
1037 2877 1054 2916 e
1070 2855 1160 2918 suida
1174 2867 1204 2919 et
1217 2851 1379 2930 llacrohio;

302 2957 451 3020 caeterum
478 2959 583 3021 Suidas
602 2971 758 3042 corrupte:
783 2967 909 3028 metm
929 2967 996 3044 μέγ.
1016 2967 1070 3044 adp.
1092 2961 1275 3024 Macrobiusa
1297 2957 1380 3028 οὕνεκ’

302 3071 540 3143 tremescere.
564 3067 656 3130 'Istud
675 3066 763 3134 οὕνεκ’
782 3067 884 3128 nescio
904 3089 944 3127 an
965 3069 1002 3128 sit
1019 3067 1184 3152 etymologi
1207 3065 1379 3153 cujusdam,

302 3172 356 3254 qui
375 3171 521 3254 originem
541 3173 620 3232 vocis
640 3177 718 3248 iimo,-
739 3173 777 3233 ab
798 3179 940 3256 mpetu
959 3171 1086 3233 voluerit
1105 3172 1275 3254 explicare,
1297 3171 1380 3254 cujus

303 3277 344 3337 rei
366 3279 459 3360 gratia
482 3277 533 3339 hic
553 3299 651 3339 versus
679 3278 717 3340 ab
744 3279 803 3340 illis
831 3279 962 3340 affertur.
1004 3280 1051 3340 lta
1078 3277 1293 3361 Etymologusa
1323 3279 1381 3351 ilti-
1412 3319 1418 3332 ·

303 3409 333 3456 tt
361 3433 369 3448 ·
400 3435 408 3452 .
439 3435 445 3450 .
479 3393 512 3450 vt
540 3392 757 3466 molestemus
786 3395 850 3467 πῦρ·
876 3395 997 3468 λέγεται
1023 3395 1079 3468 γὰρ
1109 3395 1188 3452 em
1216 3394 1250 3451 ri
1279 3385 1380 3464 ὶολίζυ

300 3492 430 3572 (little).
451 3497 484 3556 ‘ti
505 3495 675 3577 moenita·
696 3500 732 3570 ὥς
752 3493 944 3572 Ἐμπεδοκλῆς
961 3507 1030 3560 κτλ.
1052 3489 1232 3554 llacrobius:
1254 3485 1379 3572 „Apollo

302 3601 424 3672 ἐλελεῦς
444 3597 614 3680 appellatur
644 3641 777 3660 .....
800 3603 844 3666 irs
864 3607 1076 3676 σνναλισθέντος
1095 3607 1207 3667 πολλοῦ
1228 3604 1310 3678 evole
1329 3621 1379 3660 n·

302 3711 426 3784 ριπολιΐ,
447 3713 483 3761 ut
503 3702 544 3762 ait
563 3703 785 3786 Empedocles.”
826 3705 977 3788 liquibus
998 3705 1152 3766 mutilatus
1173 3703 1281 3766 Suidae
1298 3699 1378 3760 locus

301 3805 531 3891 interpolandus
561 3819 613 3869 cst.
654 3809 785 3869 Fortasse
809 3821 910 3870 tamen
930 3811 991 3894 ipse
1012 3807 1206 3892 Empedocles
1226 3807 1307 3867 hanc
1326 3823 1378 3862 vo-

301 3909 402 3971 cabuli
423 3912 501 3986 itm
521 3909 752 3992 explicationem
775 3909 875 3988 dedit,
896 3912 978 3997 quod
999 3933 1062 3972 non
1084 3911 1224 3972 abhorret
1243 3909 1281 3970 ah
1300 3907 1377 3969 illius

302 4015 404 4075 aetatis
416 4013 651 4092 consuetudine';
675 4026 819 4076 memorat
832 4027 911 4078 certe
925 4039 990 4078 eam
1004 4017 1087 4078 Plato
1098 4015 1209 4099 Cratyl.
1224 4037 1255 4098 p.
1271 4011 1330 4074 409
1340 4011 1377 4073 l:
