2950 4822
453 365 457 372 “
568 381 741 434 cunrat.

148 549 224 640 lux,
249 561 359 639 terre,
387 545 528 620 coelum
555 560 665 648 atque
691 571 805 641 mare,
829 590 875 606 -
975 539 977 546 ’

143 693 390 769 quaecumque
406 667 491 743 inde
513 667 686 768 discerpta
709 669 805 744 inter
827 668 988 744 mortalia
1011 683 1143 744 errant.

25 785 27 840 l
142 788 305 864 Similiter
325 815 421 896 qrrac
443 789 487 864 ad
511 789 733 866 miscendum
754 791 864 892 magis
885 790 1135 868 convenientis
1157 803 1258 883 sunt,

69 908 127 983 ilc.
139 923 263 983 mutuo
284 934 360 984 sese
386 923 523 1008 amant,
551 911 695 988 Venere
716 913 920 990 consociata.

139 1031 269 1106 Infesta
290 1058 376 1108 vero
396 1061 417 1107 a
437 1059 475 1108 ee
495 1033 650 1112 invicem
669 1034 774 1134 longe
793 1033 980 1127 dissident,
1001 1029 1240 1106 dissociabilis.

25 1193 26 1236 ,
140 1179 266 1254 genere
286 1168 322 1228 st
346 1155 519 1254 temperie
543 1169 580 1230 et
602 1157 801 1230 formarum
820 1152 950 1254 effigie,

140 1274 330 1350 coalescere
351 1275 496 1350 omnino
525 1277 641 1351 nescia
662 1275 838 1377 valdeque
859 1277 1003 1369 misera,

139 1399 308 1494 quoniam
324 1392 408 1494 ipsis
425 1393 574 1470 discordi
591 1399 733 1496 ingenio
752 1397 842 1470 natis
861 1421 989 1494 corpus
1003 1421 1110 1471 omne
1126 1406 1257 1493 turget.

137 1761 315 1860 (aare)

66 1877 127 1955 335.
138 1883 327 1958 formosam
343 1881 436 1958 hanc
452 1883 696 1960 humanorum
710 1883 956 1962 membrorum
973 1873 1193 1985 compagem:

25 1989 26 1996 ἵ
140 2003 241 2079 modo
266 2029 388 2078 amore
411 2007 645 2104 conspirantia
672 2009 713 2080 in
733 2032 853 2082 unum
875 2021 1004 2081 cuncta

25 2175 27 2238 ‚
142 2153 233 2228 qnae
253 2117 395 2225 corpori
417 2123 574 2226 obtigere
595 2125 754 2202 membra
777 2130 816 2201 in
840 2130 933 2206 ritae
954 2125 1040 2202 flore
1064 2129 1200 2229 rigent3

25 2239 27 2356 l
143 2245 245 2321 modo
264 2273 391 2340 rursus
412 2250 504 2322 molo
531 2247 670 2326 divulsa
695 2247 858 2343 dissidio,

142 2367 283 2447 seorsim
302 2373 443 2473 singula
467 2373 602 2447 circum
630 2375 724 2448 vitae
749 2371 948 2472 marginem
967 2367 1145 2444 oberrant.

25 2519 26 2594 3
66 2491 129 2586 llo.
141 2493 305 2568 Similiter
326 2495 365 2566 in
388 2494 572 2570 arboribus
591 2492 819 2594 piscibusque
843 2493 1027 2594 aquigeuis

25 2597 26 2600 Ἴ
141 2616 296 2716 ferisque
316 2615 512 2690 monticolis
532 2629 570 2689 ct
591 2614 727 2715 aligeris
751 2613 887 2690 avibus.

139 3101 185 3174 Aa
195 3099 260 3192 illi,
277 3125 397 3202 quum
408 3113 473 3176 ant
484 3101 579 3174 inter
593 3099 759 3176 homines
771 3097 904 3202 aliquis
917 3101 1037 3176 lucem
1050 3101 1265 3203 adspexerit,

140 3235 202 3296 aut
221 3247 268 3298 ex
291 3221 519 3298 animantum
542 3220 703 3296 ferarum
722 3245 854 3320 genere
871 3235 937 3298 aut
958 3221 1128 3300 arborum

141 3358 202 3418 aut
222 3341 443 3436 volucrium,
462 3357 544 3418 tum
565 3355 693 3417 natum
710 3356 860 3442 putant3

65 3460 129 3554 ²45.
141 3491 257 3564 quum
279 3489 366 3538 vero
391 3489 429 3539 se
449 3477 651 3554 secernant,
676 3463 922 3543 miserandum
946 3466 1065 3541 satum

142 3583 335 3686 appellant,
350 3599 504 3680 temere3
520 3585 582 3660 sed
599 3585 851 3660 consuetudini
867 3587 943 3685 ipse
958 3613 1019 3662 me
1035 3587 1269 3664 accommodo.

67 3979 123 4054 ΜΡ·
138 4001 187 4053 με.
202 4004 289 4058 praec.
307 4005 335 4059 p.
350 3991 413 4054 taos
432 3989 489 4042 Vol.
503 3990 555 4046 tx.
570 4006 597 4059 p.
611 3989 666 4045 aee.
681 3935 796 4058 isidem
809 3989 898 4045 versis
911 4006 970 4059 pars
982 3988 1195 4062 posterioratus·
1209 3997 1266 4048 orl..

67 4069 112 4126 *tlt
126 4076 203 4131 estat
223 4095 253 4147 p.
276 4093 353 4143 rrrsj
371 4078 427 4132 Vol.
443 4080 481 4138 Χ,
500 4095 525 4146 p.
546 4077 604 4142 577.
667 4087 670 4095 '
