2968 4838
207 362 211 370 ’
286 385 348 444 500
680 399 726 444 nn
749 399 964 446 nnennocrrs

286 561 444 652 πεδοκλῆς
471 561 754 662 perendinare.-
776 567 831 655 τὴν
852 563 917 655 ἕξιν
940 565 1171 660 μεταβάλλειν
1195 569 1280 660 Φησὶ
1305 569 1356 655 rip

284 689 445 783 φρόνησιν.
504 686 611 780 Quod
651 686 817 786 deinceps
852 686 1004 759 declarat
1035 689 1146 784 ipsius
1181 685 1356 774 versibus,

284 835 441 906 quorum
465 807 611 882 sensum
635 834 744 907 supra
766 807 1004 908 explicuimus
1020 816 1100 879 ³²⁴.

332 929 427 1004 Haec
454 912 675 1026 Empedoclis
704 931 792 1004 ratio
824 931 852 1002 si
885 927 1051 1002 humilior
1077 928 1261 1020 videatur,
1292 929 1357 1000 tn'-

281 1050 470 1125 buendum
500 1049 536 1122 id
568 1051 677 1151 magis
705 1051 888 1149 principiis
912 1050 990 1148 ejus
1013 1043 1124 1150 quam
1149 1051 1355 1122 sententiae.

281 1172 446 1272 Namque
471 1198 492 1246 e
516 1187 609 1245 terra
634 1187 671 1245 et
695 1173 769 1270 igni
785 1186 821 1244 et
839 1171 1022 1246 concordia
1039 1171 1197 1268 reliquae
1216 1195 1272 1242 res
1293 1196 1356 1242 na·

281 1306 384 1366 turae
412 1293 495 1366 oriri
519 1295 716 1391 potuerint,
750 1319 852 1366 mens
875 1307 912 1365 et
937 1295 1024 1367 ratio
1046 1317 1117 1364 non
1146 1305 1356 1389 potuerunt.

278 1415 470 1490 Caeterum
506 1415 613 1487 sensit
648 1413 707 1488 ille
743 1413 956 1511 praeclarius
989 1439 1102 1514 quam
1138 1412 1279 1502 docuit,
1317 1429 1357 1485 ut

281 1547 456 1608 testantur
485 1537 613 1632 passim
642 1535 738 1608 illius
768 1561 911 1627 versus,
941 1535 1077 1635 quibus
1105 1533 1151 1608 de
1183 1559 1356 1608 sensuum

278 1655 448 1752 angustiis
476 1635 663 1754 queritur,
684 1699 730 1716 -·-
755 1671 892 1746 mente,
924 1683 997 1728 non
1025 1655 1153 1748 oculis,
1178 1655 1356 1729 utendum

279 1775 448 1874 praecipit
463 1786 526 1828 ³²⁵
538 1832 548 1866 ,
568 1825 614 1840 -
635 1777 748 1850 divini
770 1779 930 1852 numinis
948 1779 1155 1852 instinctum
1178 1791 1220 1848 ut
1243 1779 1357 1850 omnis

278 1899 413 1970 fontem
444 1901 634 1997 sapientiae
666 1899 846 1995 praedicat
860 1903 940 1990 ³²⁶,
964 1941 1009 1956 -
1034 1899 1080 1973 de
1103 1899 1237 2000 quibus
1257 1901 1357 1976 initio

275 2015 387 2115 hujus
410 2018 656 2118 disputationis
680 2021 817 2118 eginum
833 2029 912 2112 ³2⁷3
936 2035 1113 2096 testantur
1135 2021 1238 2108 item,
1263 2048 1358 2120 quae

275 2137 321 2212 de
341 2138 462 2212 divino
486 2143 675 2216 hominum
692 2155 776 2214 ortu
800 2155 836 2214 et
849 2141 1113 2216 immortalitate
1127 2143 1355 2233 vaticinatur,

275 2287 368 2360 quae
387 2261 480 2334 infra
497 2264 693 2360 exposituri
710 2287 853 2338 sumus:
878 2265 916 2334 in
935 2261 990 2336 his
1010 2263 1175 2337 omnibus
1195 2277 1354 2338 mentem

274 2397 317 2456 ut
337 2381 549 2457 diviniorem
567 2382 720 2456 hominis
740 2397 878 2482 partem
896 2383 1103 2458 considerat.
1134 2383 1243 2458 Unde
1261 2409 1354 2458 nou-

273 2502 366 2578 nulli
391 2505 656 2596 existimarunt,
681 2503 952 2602 Empedoclem,
975 2505 1067 2580 sicut
1089 2505 1354 2592 Parmeniden,

271 2623 451 2724 duplicem
476 2624 673 2702 distinxisse
697 2625 950 2723 cognitionem,
974 2625 1120 2699 alteram
1134 2627 1284 2716 mentis,
1299 2625 1351 2698 al-

272 2761 385 2820 teram
408 2771 601 2839 sensuum,
626 2745 775 2820 alteram
798 2745 975 2838 divinam,
992 2745 1137 2820 alteram
1157 2746 1353 2819 mortalem.

272 2865 339 2940 Sed
371 2865 437 2940 hoc
461 2869 489 2938 si
514 2869 661 2942 senserit
687 2867 848 2958 fortasse,
876 2869 1059 2942 tamenin
1086 2865 1197 2942 animi
1223 2883 1351 2942 natura

306 3085 381 3146 (3241
401 3087 459 3138 t'td.
477 3087 579 3157 Emped.
600 3101 648 3138 rss.
667 3084 790 3138 (liddae.
824 3085 965 3138 Aristotelia
980 3086 1222 3155 interpretationem
1234 3086 1352 3158 sequitur

275 3177 416 3228 Alexander
433 3177 460 3228 in
482 3177 596 3247 Metaph.
609 3178 625 3228 Ι.
638 3177 653 3228 l.
664 3177 758 3242 (schot
773 3177 879 3228 Aristot.
892 3194 918 3246 p.
935 3175 985 3242 669
995 3175 1038 3238 b);
1062 3183 1153 3226 contra
1167 3175 1200 3226 ab
1214 3175 1260 3226 illo
1271 3175 1353 3226 dirce-

273 3267 341 3318 dunt
362 3267 506 3336 Simplicius
524 3269 558 3320 de
584 3269 666 3321 Anim.
688 3271 742 3332 ΙΙΙ,
763 3267 780 3319 l.
801 3266 833 3318 56
857 3270 892 3329 Β,
911 3269 985 3333 cujus
1008 3265 1206 3334 explicationem
1233 3266 1306 3333 attigi
1326 3266 1352 3314 in

273 3356 464 3408 Commentario
484 3357 517 3409 ad
535 3374 570 3410 ro
589 3357 653 3426 318,
670 3377 697 3428 p.
721 3357 780 3426 ²59·
798 3365 825 3409 et
842 3356 999 3424 Philoponur
1017 3355 1051 3406 de
1069 3357 1152 3407 inim.
1171 3356 1224 3417 ΙΙΙ,
1243 3355 1272 3415 Ρ,
1285 3353 1301 3406 3
1316 3369 1352 3422 sq.

273 3463 351 3515 quem
369 3445 463 3498 ibidem
485 3449 557 3514 attigi
578 3447 610 3500 ad
632 3465 668 3500 vs.
691 3447 748 3517 ³¹9·
784 3449 865 3516 liujus
888 3447 967 3500 verbs
988 3447 1115 3514 excerpsit
1135 3445 1221 3496 Stura.
1244 3443 1351 3513 Fanped.

270 3549 295 3602 p.
316 3534 367 3601 496
383 3551 419 3604 tq.
455 3535 571 3604 Uterque
589 3539 678 3587 coactt
694 3537 796 3588 ratione
811 3535 912 3587 efficere
928 3535 1029 3595 studet,
1045 3535 1227 3604 Empedoclem
1245 3537 1279 3586 τὸ
1296 3539 1350 3587 ato-

272 3631 363 3696 eaeor
381 3635 409 3679 ‘et
432 3630 464 3679 τὸ
480 3631 592 3695 νοητὸν,
613 3631 646 3678 τὸ
665 3628 765 3694 ἄλογον
781 3635 807 3680 et
830 3632 862 3680 τὸ
882 3629 1005 3695 λογικὸν,
1021 3627 1177 3680 distinxisse.

305 3720 378 3784 1325)
397 3720 463 3772 Hinc
480 3721 647 3792 Empedocles
663 3729 783 3774 censetur
800 3722 868 3774 inter
884 3737 927 3774 eos
943 3723 987 3792 qui
1005 3729 1152 3774 statuerent
1169 3723 1286 3782 ψευδεῖς
1303 3725 1351 3776 τὰς

273 3817 431 3880 αἰσθήσεις,
453 3830 467 3863 a
486 3815 527 3863 Jo.
545 3813 659 3864 Damaso.
676 3811 704 3862 in
723 3811 840 3881 Append.
859 3811 965 3866 stobaei
983 3810 1056 3864 Gaios.
1076 3830 1102 3881 p.
1125 3827 1169 3876 7¹3
1190 3811 1259 3880 quod
1280 3812 1350 3864 testi·

271 3904 384 3956 monium
404 3903 515 3955 addatur
537 3921 615 3972 supra
637 3903 725 3954 relatis
745 3921 770 3972 p.
795 3903 852 3971 ³⁰9·

304 3993 377 4058 (326)
396 3991 435 4044 (ΙΙ.
454 3991 559 4060 Emped.
578 4008 613 4042 vs.
635 3991 683 4054 355.
703 4011 740 4064 sq.

305 4081 377 4138 llari
395 4079 450 4130 tid.
471 4081 546 4144 inritis
562 4081 682 4149 disputat.
701 4083 716 4150 ἓ
737 4101 754 4136 r.
774 4101 801 4152 p.
818 4083 867 4136 308
891 4103 926 4154 sq.
