2958 4822
252 367 292 426 52
643 375 689 420 ne
712 372 925 420 aursnoctrs

249 542 366 614 toricis
392 541 628 641 reprehensus
656 555 719 614 est.
772 540 865 614 lllud
895 555 1014 614 tamen
1039 540 1091 612 his
1113 537 1242 612 fabulis
1262 542 1320 614 in-

249 663 404 752 dicatur,
424 661 673 761 Empedoclem
692 662 850 759 primum
869 660 1034 734 habitum
1058 685 1132 734 esse
1149 657 1322 755 irruatis,

182 775 188 788 ’
248 784 312 884 qui
337 783 563 886 Pythagorica
591 783 716 882 placita
743 786 899 860 carmine
929 787 1133 885 exposuerit
1159 801 1195 862 et
1216 787 1322 862 latius

249 905 485 1002 divulgaverit
506 913 584 978 ¹⁴⁵.

299 1025 368 1098 Alii
389 1025 493 1100 illum
514 1051 586 1099 non
606 1027 716 1125 ipsius
738 1026 975 1130 Pythagorae,
999 1026 1060 1100 sed
1084 1027 1323 1128 Telaugis,

249 1149 314 1248 qui
332 1147 441 1247 hujus
462 1147 556 1222 filius
578 1162 614 1221 et
641 1174 818 1224 successor
841 1147 1015 1242 habetur,
1047 1148 1244 1224 auditorem
1267 1149 1324 1222 di·

250 1294 333 1342 xere
353 1269 432 1342 ¹⁴⁶.
483 1268 551 1342 Sed
576 1283 756 1362 auctores,
779 1270 844 1369 qui
869 1268 906 1340 id
931 1267 1183 1368 prodiderunt,
1212 1271 1322 1370 ignoti

248 1403 334 1463 sunt
353 1403 417 1462 aut
438 1415 567 1488 parum
589 1389 795 1490 locupletes,
813 1403 850 1463 et
867 1390 1055 1489 Telauges,
1068 1391 1171 1489 cujus
1189 1415 1323 1464 nomen

247 1513 327 1583 satis
348 1509 561 1600 obscurum,
582 1512 767 1610 antiquior,
781 1525 877 1584 certe
899 1510 984 1602 tuit3
1006 1509 1102 1583 idem
1119 1511 1256 1610 quippe
1278 1507 1324 1582 ab

248 1632 321 1705 aliis
347 1633 578 1730 Xenoplranis
600 1635 765 1732 magister
789 1631 931 1704 habitus
952 1639 1031 1704 ¹⁴⁷.
1082 1631 1253 1723 Quocirca
1277 1631 1324 1704 is-

248 1753 315 1828 tud
338 1755 580 1827 testimonium
601 1779 732 1852 parum
755 1753 868 1848 valet3
888 1767 925 1827 et
947 1751 1146 1829 versiculus
1167 1753 1212 1825 ab
1235 1753 1325 1852 Hip-

246 1873 373 1974 poboto
402 1873 558 1974 quodam
586 1873 764 1974 prolatus,
788 1900 865 1974 quo
891 1871 1121 1972 Empedocles
1141 1873 1323 1974 Telaugen

247 1995 470 2094 compellasse
500 1993 655 2086 dicitur,
682 2019 812 2091 parum
841 1992 938 2066 addit
969 1992 1051 2066 fidei
1070 1997 1149 2068 ¹⁴⁸.
1197 1997 1325 2096 Neque

245 2115 360 2215 pluris
370 2114 630 2189 aestimandum
648 2128 701 2186 est
714 2113 843 2188 Suidae
864 2115 1117 2208 testimonium,
1130 2119 1195 2215 qui
1213 2119 1325 2190 mani·

245 2237 376 2310 festum
396 2235 500 2324 dicit,
530 2233 790 2336 Archytam
813 2233 1053 2307 Tarentinum
1083 2236 1178 2312 illius
1202 2237 1325 2311 docto-

245 2383 323 2430 rem
351 2358 461 2433 fuisse
482 2355 560 2430 ¹³⁹:
599 2381 683 2430 nam
705 2371 763 2429 .ut
796 2355 993 2453 superiores
1024 2355 1074 2429 illi
1105 2357 1326 2458 antiquiores

245 2477 481 2578 Empedocle,
511 2480 559 2552 ita
591 2477 648 2551 hic
677 2477 792 2552 multo
816 2477 934 2550 minor
955 2491 1044 2552 natu
1071 2479 1162 2570 tuit,
1188 2481 1325 2579 quippe

244 2601 384 2672 Platoni
414 2599 591 2699 aequalis,
620 2599 688 2670 nisi
720 2599 802 2697 quis
830 2597 921 2670 forte
954 2597 1054 2674 hunc
1081 2601 1327 2702 9110911οΡ9-

132 2766 135 2777 ·
244 2721 411 2817 thagorae
433 2719 634 2792 auditorem
654 2718 772 2790 lacere
794 2717 893 2792 velit.
930 2717 1095 2819 Telaugis
1120 2747 1205 2794 vero
1231 2747 1327 2820 quae

244 2842 363 2914 fertur
399 2839 602 2938 epistolam,
640 2864 713 2938 qua
747 2837 984 2911 Brontiui
1022 2856 1058 2914 et
1095 2841 1326 2940 Hippasi,

247 2957 456 3060 aequalium
488 2957 706 3059 Pythagorae
739 2956 818 3052 vel,
849 2971 893 3032 ut
923 2959 1069 3058 quidam
1095 2961 1242 3055 volunt,
1267 2961 1328 3035 illo

281 3149 354 3219 (145)
374 3151 413 3202 Ita
427 3151 526 3203 Horatii
544 3149 628 3204 Schol.
642 3151 669 3201 in
681 3151 760 3220 Epist.
775 3153 802 3211 1,
824 3169 868 3213 ru.
888 3169 933 3205 so:
953 3153 1136 3222 rEmprdocles
1150 3153 1329 3220 Agrigentinus

244 3239 340 3304 multa,
352 3257 419 3312 quae
429 3241 462 3293 ad
471 3243 664 3309 Pythagoricum
677 3249 774 3292 sectam
786 3243 927 3310 pertinent.
938 3251 1022 3294 metro
1031 3252 1058 3294 et
1068 3243 1185 3295 versibus
1195 3242 1329 3295 tradidit.''

244 3331 367 3384 Similiter
377 3331 496 3398 iutelligit
507 3331 696 3392 Lomuaatzsch,
707 3331 799 3382 Weish.
811 3330 838 3382 d.
850 3333 956 3400 Emped.
968 3349 994 3400 p.
1008 3333 1046 3384 16.

278 3419 352 3486 (146)
364 3421 469 3487 Diogen.
477 3420 687 3482 Laertvltttrt:
700 3413 861 3491 quurifipc.
872 3457 879 3471 .
889 3457 896 3471 ·
907 3425 935 3481 ὃς
945 3427 992 3477 sul
1004 3426 1151 3482 διεδέξατο
1161 3427 1209 3475 τὸν
1219 3428 1328 3494 πατέρα

246 3515 294 3566 sul
312 3515 383 3564 sard
398 3531 474 3570 τινας
497 3509 724 3576 Ἐμπεδοκλέους
739 3519 929 3583 καθηγήσατο.
962 3517 1052 3569 Suidas
1071 3519 1097 3569 in
1119 3515 1326 3587 Ἐμπεδοκλῆς.

243 3605 398 3658 Theodoret.
407 3603 517 3671 Thersp.
528 3605 609 3655 Serm.
618 3605 654 3654 11.
663 3605 694 3658 Τ,
706 3607 754 3668 lv,
762 3623 787 3674 p.
795 3607 844 3674 489
854 3607 883 3658 D.
894 3606 971 3660 Paris.
981 3605 1073 3659 Euseb.
1082 3607 1174 3676 Praep.
1184 3609 1232 3659 Eu.
1242 3610 1276 3670 X,
1288 3609 1328 3671 14,

243 3694 324 3764 phul
334 3695 362 3746 C·
374 3694 478 3744 Tseues
488 3691 568 3744 tutius
577 3692 837 3764 putarit,utrumque
846 3695 965 3748 videlicet
975 3698 1138 3762 conjungere.
1148 3694 1212 3748 Chii.
1224 3699 1261 3762 11,
1269 3713 1326 3764 9⁰¹³

244 3777 278 3856 ἦν
291 3786 319 3840 δ’
337 3770 426 3848 οὗτος,
441 3780 539 3852 lnquit·
553 3787 603 3834 τοῦ
616 3782 789 3855 Πυθαγόρου
803 3791 935 3856 μαθητὴς
947 3791 994 3840 sul
1006 3787 1167 3854 quarryoa'rr
1179 3788 1302 3855 tortosa

275 3877 349 3947 (147)
367 3879 402 3929 Ut
414 3873 556 3928 memorari
568 3873 595 3925 in
606 3875 770 3945 Xenophane
782 3893 809 3945 p.
820 3877 836 3930 3
847 3895 884 3948 sq.
898 3887 952 3930 not.
965 3878 988 3930 5.

277 3967 350 4036 (rte)
366 3963 424 4018 virt
437 3961 597 4033 Empedoclis
608 3963 697 4028 fragm.
709 3983 746 4019 vs.
758 3968 814 4030 (tlh

277 4057 351 4124 (149)
370 4055 460 4106 Suldns
477 4053 501 4105 ln
515 4071 539 4106 v.
555 4053 705 4122 Ἀρχύτας.
