2952 4836
255 370 317 432 400
647 377 695 426 ns
717 373 932 426 aursnocnrs

253 551 359 624 tibus.
411 545 559 618 Illorum
587 543 658 618 fuit
684 539 932 640 Empedocles,
960 538 1026 640 qui
1054 537 1191 614 disertis
1211 537 1332 620 verbis

253 669 421 759 affirmat,
464 665 552 738 nihil
589 667 626 736 in
663 665 831 737 universo
866 686 940 734 esse
975 687 1041 734 nec
1071 687 1229 736 vacuum
1263 686 1333 734 nec

252 787 478 890 superfluum
501 796 563 858 ²³:
592 797 735 858 secutus
771 785 809 854 in
840 781 908 855 hoc
938 782 1174 856 Eleatioorum
1201 781 1332 856 decre-

252 926 348 996 tum,
377 911 588 985 universnm
613 907 686 980 sive
710 929 774 978 ens
797 902 981 1002 plenum
999 907 1144 1004 (πλῆρες)
1166 929 1241 978 esse
1260 921 1335 976 sta-

252 1035 456 1121 tuentium3
502 1028 548 1101 ab
583 1027 708 1102 iisdem
738 1053 825 1104 vero
867 1027 906 1098 in
949 1051 992 1098 eo
1021 1025 1193 1118 discessit,
1231 1024 1330 1126 quod

252 1152 303 1229 illi
331 1155 425 1228 idem
459 1152 701 1226 continens
727 1149 897 1251 (συνεχὲς)
930 1146 1147 1239 statuebant,
1181 1145 1240 1219 hic
1266 1172 1331 1244 po-

253 1306 309 1352 ros
338 1273 515 1365 adhibuit,
541 1299 614 1372 qua
652 1297 708 1345 res
745 1287 895 1346 naturae
931 1293 1129 1342 commeare
1164 1270 1260 1341 inter
1292 1293 1330 1340 se

252 1411 410 1498 possent,
433 1408 550 1494 spreto
572 1407 692 1466 tamen
715 1419 840 1468 vacuo.
888 1391 945 1465 Sic
966 1393 1125 1464 medium
1148 1388 1330 1490 quodam·

253 1517 356 1591 modo
384 1515 505 1589 tenuit
535 1517 629 1587 inter
653 1513 824 1588 Eleaticos
859 1528 897 1588 et
926 1513 1096 1611 Leucippi
1128 1525 1329 1586 sectatores.

253 1635 453 1710 Aristoteles
478 1661 561 1708 vero
585 1635 648 1708 etsi
679 1635 852 1735 Leucippi
873 1636 1047 1710 rationem
1069 1633 1217 1707 minime
1241 1657 1332 1730 pro-

239 1757 333 1845 ·hat,
365 1754 587 1856 Empedoclis
622 1769 741 1828 tamen
768 1755 939 1853 placitum
965 1770 1007 1829 ut
1030 1779 1175 1852 prorsus
1198 1755 1330 1827 incon·

243 1855 466 1953 'sentaneum
499 1875 657 1975 repellit,
686 1875 819 1949 dicens:
861 1875 1014 1969 nillum,
1056 1878 1086 1948 si
1116 1901 1261 1973 corpora
1290 1879 1330 1950 in

252 2027 290 2076 se
321 1999 475 2074 invicem
503 2021 700 2070 oommeare
724 1995 827 2088 velit,
849 1999 1044 2096 oportuisse
1068 1998 1158 2070 sicut
1175 1998 1331 2096 Leucip-

252 2147 342 2222 pum
370 2135 407 2194 et
432 2119 672 2219 solidaretque
698 2116 882 2192 individua
917 2119 1124 2219 corpuscula
1159 2118 1331 2194 inducere

252 2257 288 2316 et
314 2244 421 2315 inane
444 2240 498 2315 his
523 2243 795 2340 interspersum:
824 2239 972 2314 sienim
994 2267 1068 2313 non
1099 2241 1170 2314 sint
1194 2240 1332 2318 indivi-

252 2363 324 2436 dua
352 2361 529 2464 quaedam
559 2387 723 2460 corpora,
753 2359 828 2432 fore
855 2375 897 2434 ut
919 2364 1087 2436 continua
1115 2364 1241 2437 existat
1262 2389 1331 2463 po-

252 2511 375 2558 rorum
397 2484 502 2557 series
519 2496 554 2556 ct
571 2507 726 2556 vacuum
750 2482 794 2552 sit
822 2479 1050 2577 universum3
1073 2485 1103 2556 si
1124 2485 1231 2558 inane
1253 2511 1326 2559 non

252 2610 317 2698 sit,
339 2632 441 2708 poros
461 2605 568 2704 plane
589 2630 869 2704 supervacaneos
890 2629 986 2697 esse,
1013 2606 1041 2678 si
1063 2605 1211 2706 quidem
1233 2607 1331 2707 plcni

252 2731 340 2822 sint,
372 2753 493 2827 neque
524 2727 611 2799 adeo
641 2751 705 2826 per
735 2752 792 2799 eos
819 2727 952 2800 intrare
979 2728 1089 2826 magis
1111 2727 1200 2827 quid
1224 2731 1331 2828 possit

252 2875 363 2948 quam
390 2851 420 2921 si
441 2847 534 2922 nulli
555 2848 624 2920 sint
645 2845 721 2956 ἥθ’
772 2847 865 2920 Haec
885 2845 1057 2941 breviter3
1081 2850 1147 2948 qui
1173 2849 1331 2948 longiora

286 3017 343 3084 (si)
360 3017 467 3086 Emped.
483 3033 518 3068 rr.
536 3015 576 3070 63.
589 3019 622 3068 cl.
636 3015 747 3084 Simplic.
762 3011 795 3066 de
807 3013 885 3065 Coelo
901 3015 962 3076 ΙΙΙ,
980 3013 997 3067 f.
1020 3013 1064 3066 155
1077 3017 1094 3066 Β
1105 3031 1142 3086 sq·
1153 3015 1285 3068 Plutarch
1298 3017 1331 3069 de

252 3108 320 3160 Plsc.
342 3107 404 3176 phil.
428 3110 457 3169 l,
482 3111 525 3162 18:
545 3113 571 3162 οἱ
589 3111 643 3161 ἀπὸ
664 3106 759 3160 Θάλεω
779 3105 887 3168 φυσικοὶ
908 3108 1011 3165 πάντες
1029 3110 1111 3178 μέχρι
1129 3107 1280 3168 Πλάτωνος
1300 3113 1332 3161 τὸ

255 3202 334 3252 κενὸν
350 3201 521 3266 ἀπέγνωσαν.
532 3231 566 3245 ·—
578 3199 783 3268 Ἐμπεδοκλῆς·
800 3197 887 3252 notos
907 3218 935 3250 rs
950 3203 1000 3252 τοῦ
1018 3204 1121 3260 παντὸς
1139 3205 1235 3255 κενεὸν
1252 3205 1332 3258 rrllrs

255 3293 323 3346 etot
343 3292 487 3363 mpaotr‘'
505 3295 558 3360 (Vs.
583 3295 658 3359 aas).
693 3294 728 3344 Οἱ
745 3294 799 3344 ἀπὸ
818 3291 913 3345 Θάλεω
933 3300 993 3342 sunt
1010 3293 1091 3344 ionici
1108 3293 1270 3364 philosophi,
1286 3297 1331 3366 qui

253 3383 286 3434 ad
309 3383 487 3435 Platonem
521 3385 700 3435 extenduntur
729 3383 787 3434 ideo
810 3383 880 3452 qaod
906 3381 983 3450 huius
1007 3382 1127 3447 magister
1153 3384 1274 3438 Socrates
1296 3387 1329 3438 ab

254 3473 378 3526 Archelao
393 3473 482 3524 lonico
494 3474 596 3542 physica
610 3473 725 3542 accepit,
741 3481 772 3524 ut
786 3485 857 3524 recte
869 3471 993 3542 explicuit
1004 3472 1103 3523 Coruin.
1115 3475 1141 3524 ia
1154 3469 1180 3523 h.
1192 3453 1209 3526 12
1223 3473 1328 3527 nisus.

254 3565 281 3623 1,
305 3581 331 3632 p.
357 3563 393 3624 rh.
416 3561 548 3614 Thalos
568 3572 654 3615 nutem
671 3569 698 3614 ct
720 3562 817 3614 Plato
835 3564 979 3630 junguntur
995 3579 1099 3634 quoque
1116 3561 1196 3626 alibi,
1211 3573 1243 3618 ut
1261 3566 1329 3636 apud

253 3653 390 3712 Calenum,
415 3651 479 3704 Phil.
505 3653 568 3705 llirt.
590 3670 645 3723 cap.
671 3653 711 3706 38.
745 3653 783 3703 Dc
804 3651 958 3720 Empedocle
977 3651 1045 3705 idem
1067 3653 1185 3706 referunt
1206 3655 1331 3708 Stolsaens

253 3741 306 3794 nel.
325 3745 400 3810 Phys.
422 3747 448 3806 l,
475 3761 512 3808 ¹9·
532 3759 558 3812 p.
578 3742 626 3806 378
647 3761 684 3814 sq.
704 3749 731 3794 et
750 3739 894 3792 Galenurl
917 3741 935 3791 1.
954 3757 1009 3812 cap.
1033 3759 1069 3793 ro.

285 3832 340 3898 (alr)
360 3831 503 3884 Aristotde
511 3833 570 3884 Gen.
584 3840 610 3883 ot
619 3831 713 3884 corat.
724 3831 741 3880 Ι.
753 3833 857 3900 σχεδὸν
870 3831 902 3884 (ll
915 3837 962 3883 sul
975 3831 1171 3896 Ἐμπεδοκλεῖ
1180 3835 1330 3904 ἀναγκαῖον

254 3923 360 3990 llym,
374 3921 463 3994 ὅσπερ
481 3925 528 3976 aul
544 3921 705 3982 Λιύκιππός
722 3940 809 3996 φησιν·
828 3919 965 3996 εἶναιγὰρ
980 3925 1054 3978 ἅττα
1065 3931 1173 3999 στερεὰ,
1184 3931 1330 4002 &lamperti

255 4015 300 4084 δὲ,
320 4017 346 4068 rl
356 4019 392 4084 ps)
412 4017 502 4088 πάντῃ
513 4019 593 4086 πόροι
611 4029 737 4087 συνεχής
755 4022 835 4072 riola·
857 4023 941 4072 τοῦτο
962 4015 991 4072 δ’
1008 4021 1156 4075 ἀδύνατον·
1175 4023 1263 4078 otialis
1279 4027 1329 4093 γὰρ
