2952 4836
574 397 814 448 annosorum.
1166 387 1226 453 tet

150 565 309 638 tissimus
348 565 608 663 interpretum,
648 565 898 666 Empedoclem
934 581 971 642 et
1010 568 1233 644 Heraclitum

151 681 286 758 alicubi
309 685 404 758 inter
422 707 460 758 sc
480 711 703 786 comparans,
724 686 811 762 huic
832 686 895 762 soli
918 688 1087 784 vindicat,
1108 689 1154 766 de
1174 689 1233 764 illo

154 804 246 880 nibil
263 815 342 880 ¹⁹⁴.
392 805 494 882 Istud
518 807 628 906 igitur
646 809 816 910 placitum
838 809 928 884 nihil
950 809 1047 886 aliud
1074 837 1149 888 esse
1172 837 1234 912 ap·

154 942 210 1002 ret
241 929 309 1002 nisi
337 929 698 1027 interpretamentum
730 930 897 1006 celebrati
925 932 1021 1008 illius
1054 932 1153 1008 dicti:
1186 961 1235 1008 ec

152 1077 227 1122 uuo
248 1051 380 1142 multa,
399 1051 588 1152 multoque
600 1077 728 1126 rursus
740 1055 780 1125 iu
790 1051 980 1154 unum(*);
993 1053 1077 1128 inde
1090 1069 1233 1148 natum,
1348 1085 1354 1102 ·

151 1170 252 1272 quorl
277 1169 427 1274 quidam
451 1199 572 1248 uuum
593 1175 667 1251 sive
688 1173 874 1273 sphaeram
894 1174 1124 1277 Pythagorica
1145 1176 1235 1250 sub-

153 1291 349 1366 tilissimam
373 1295 558 1370 materiem
576 1297 650 1374 sive
670 1296 790 1394 ignem
810 1295 1033 1396 interpretati
1053 1311 1139 1374 sunt
1153 1308 1232 1371 ¹⁹⁵.

647 1542 747 1627 ero.

335 1727 395 1799 De
420 1751 540 1800 rerum
564 1731 775 1802 mortalium
799 1727 1061 1804 vicissitudine.

203 1894 317 1993 lengi
341 1895 480 1972 fuimus
503 1897 542 1972 in
560 1899 780 1998 exponendis
796 1903 1036 2002 interpretum
1054 1901 1235 2002 opinioni-

153 2015 224 2090 bus
257 2015 303 2090 de
332 2017 567 2118 Empedoclea
594 2018 653 2094 illa
685 2023 882 2114 sententia,
915 2045 985 2095 nec
1018 2033 1139 2096 tamen
1169 2047 1236 2121 per

150 2137 288 2212 multas
317 2138 482 2240 ambages
510 2143 549 2214 in
576 2143 687 2241 ipsius
717 2157 877 2218 mentem
900 2141 1020 2216 adbuc
1046 2155 1234 2241 penetrare

152 2257 257 2332 nobis
271 2260 439 2360 contigit3
455 2262 523 2336 nisi
545 2275 687 2338 tantum
705 2263 772 2338 hac
793 2263 1035 2363 disqmsitione
1055 2263 1235 2336 consecuti

152 2405 302 2472 sumus,
335 2381 433 2481 quod
457 2382 562 2482 plura
584 2409 650 2483 pro
676 2381 922 2482 Empedocleis
944 2381 1079 2481 placitis
1104 2381 1235 2460 vendi·

153 2513 226 2574 tata
248 2499 514 2602 redarguimus,
535 2517 580 2578 ut
599 2503 770 2604 jactatum
791 2503 881 2578 illud
901 2502 946 2578 de
966 2491 1099 2602 duplici
1120 2529 1235 2578 muu-

153 2620 221 2714 do,
253 2623 410 2698 sensibili
446 2641 482 2700 et
510 2625 737 2726 intelligibili3
770 2641 851 2702 tum
884 2623 930 2700 de
962 2623 1091 2698 mundi
1122 2623 1237 2698 labri-

153 2741 296 2818 catione
323 2771 390 2844 per
415 2747 653 2841 Discordiam,
681 2746 915 2822 dissolutione
944 2773 1009 2847 per
1036 2746 1237 2820 Amicitiam

152 2865 264 2960 facta3
292 2891 397 2966 porro
423 2868 470 2942 de
494 2869 654 2948 universi
683 2867 972 2969 conflagratione:
999 2893 1094 2970 quac
1118 2871 1237 2942 omnia

153 2985 253 3060 falsis
268 2989 620 3089 interpretationibus
642 3017 688 3068 ex
710 2989 805 3064 illius
824 2989 984 3064 doctriua
1000 2988 1124 3064 effecta
1143 3015 1237 3086 esee,

153 3109 343 3184 manifesto
383 3111 454 3211 jam
493 3109 776 3188 demonstratum
817 3111 979 3186 arbitror.
1047 3112 1103 3186 Sic
1142 3127 1238 3188 certe

150 3244 363 3329 praeparata
384 3231 485 3308 nobis
505 3233 562 3312 via
581 3249 653 3326 est,
673 3259 748 3336 quo
773 3235 904 3310 rectius
924 3235 1038 3334 ipsius
1058 3233 1237 3308 sententi-

155 3400 307 3470 Perpersm:
326 3405 474 3458 Aristoteles
485 3405 520 3470 ibi
534 3413 637 3459 tautum
648 3404 726 3470 dicit,
736 3403 917 3476 Empedoclem
929 3405 1027 3474 pariter
1038 3411 1068 3457 ut
1078 3403 1238 3456 Heraclitum

153 3492 290 3550 statuisse.
322 3501 438 3548 mutuam
465 3496 587 3550 obtinere
614 3505 743 3566 perpetuo
770 3511 859 3548 rerum
888 3495 1082 3547 couversionem
1106 3493 1182 3544 modo
1211 3493 1238 3544 iu

157 3597 255 3644 uuum,
275 3583 353 3635 modo
375 3584 403 3636 in
425 3585 514 3638 multa.

191 3675 268 3741 (spi)
286 3673 390 3744 simplic
409 3673 442 3727 de
460 3674 530 3732 Coel.
549 3673 566 3726 l'.
584 3674 617 3727 68
634 3675 665 3739 Β;
682 3673 715 3728 cl.
734 3674 819 3727 Schol.
837 3673 912 3726 Arist.
934 3691 960 3744 p.
977 3673 1027 3738 487
1046 3673 1072 3724 b.

188 3765 230 3831 (⁴⁵)
265 3763 338 3816 ldem
356 3763 460 3817 ridetur
478 3763 609 3816 Brundisio
624 3763 689 3816 nist.
708 3763 774 3816 Phil.
788 3765 817 3825 1,
837 3781 864 3834 p.
881 3761 943 3825 sub.
962 3763 1008 3833 qui
1025 3769 1110 3814 temen
1127 3762 1175 3812 hoc
1190 3759 1237 3812 de·

154 3861 260 3906 cretum
287 3853 477 3926 quodammodo
504 3869 564 3906 eum
587 3852 751 3923 Empedoclis
776 3851 904 3907 sententie
925 3851 1064 3904 conciliare
1087 3849 1237 3910 studetur,

154 3945 228 4018 quod
244 3947 328 4013 ignem
345 3943 493 3998 Discordiae
513 3943 713 4015 respondentem
731 3951 758 3996 et
779 3944 853 4014 quasi
871 3959 959 4012 parem
975 3947 1066 4010 putata
1088 3955 1239 4010 perperam,

156 4043 188 4087 ut
210 4035 330 4106 equidem
353 4035 448 4104 judicu.
468 4033 502 4086 cl·
523 4051 548 4104 p.
568 4033 631 4102 349,
648 4043 705 4086 not.
726 4049 779 4096 1¹7·
801 4068 804 4076 ·

191 4117 265 4186 (195)
283 4115 320 4168 Cf.
342 4115 460 4184 superius
481 4114 550 4168 diets
573 4114 588 4184 5
608 4113 637 4174 5,
654 4131 678 4184 p.
700 4112 749 4168 dab
770 4131 807 4182 sq.
