3016 4840
598 399 838 446 rumosortua.
1192 387 1255 447 sto

180 563 348 640 Similiter
369 563 407 634 in
426 585 549 636 rerum
568 578 695 637 natura
718 563 945 639 describenda
965 591 1037 640 non
1056 565 1257 642 Amicitiam

180 705 216 758 et
256 684 469 758 Discordiam
513 683 696 760 elementis
738 686 829 760 sicut
867 712 1020 762 caussam
1056 705 1258 764 moventem

182 808 349 880 materiae
375 808 547 906 praeficit,
577 807 638 882 aed
661 808 779 907 potius
811 823 983 910 tanquam
1011 811 1170 913 aequalia
1194 837 1259 884 ae-

181 926 353 1030 qualibus
381 927 559 1029 adjungit,
592 929 678 1003 adeo
709 943 844 1003 utnon
868 930 981 1004 solum
1004 929 1181 1024 ττιητιιιό,
1198 931 1258 1006 aad

181 1049 290 1122 simul
303 1047 504 1152 στοιχειώδη
520 1051 695 1125 censenda
709 1051 794 1142 sint,
810 1068 852 1123 ut
868 1051 1070 1150 Simplicius
1087 1053 1171 1126 dicit
1182 1065 1194 1099 ¹
1206 1063 1259 1122 ¹⁵:

182 1170 281 1243 unde
314 1171 498 1246 interdum
528 1173 727 1270 promiscue
753 1197 815 1246 sex
843 1197 966 1245 rerum
993 1171 1165 1271 principia
1187 1187 1260 1245 sta-

182 1293 295 1365 tuisse
331 1293 484 1367 traditur
514 1295 593 1367 ¹²⁶.
655 1291 711 1368 Eri
739 1320 781 1368 eo
813 1307 952 1386 autem,
982 1293 1079 1394 quod
1110 1276 1260 1368 naturae

183 1414 276 1489 vires
301 1413 346 1487 ab
372 1413 558 1488 elementis
585 1441 714 1514 parum
736 1429 900 1488 accurate
923 1415 1140 1506 distinxerit,
1166 1441 1261 1488 non-

182 1534 293 1608 nullis
310 1551 388 1608 orta
406 1535 549 1610 ridetur
565 1539 699 1637 opinio,
722 1564 831 1638 quam
850 1549 1022 1609 memorat
1038 1535 1261 1630 Plutarchus,

182 1657 434 1761 Empedoclem
461 1659 661 1734 Amicitiam
686 1661 775 1733 nihil
801 1659 898 1732 aliud
920 1657 1134 1732 intellexisse
1152 1685 1259 1760 quam

183 1777 243 1851 hu
251 1805 436 1888 prorem,
458 1759 675 1855 *Discordiam
702 1783 869 1881 ignem,
892 1785 977 1882 quia
1004 1780 1112 1854 altera
1136 1807 1262 1855 earum

182 1899 382 2000 colligandi,
411 1901 519 1976 altera
547 1901 739 2002 dissipandi
770 1905 840 1980 vim
870 1903 1010 1976 habeat:
1038 1906 1076 1979 τό
1100 1909 1160 2000 μὲν
1180 1913 1262 2000 πῦρ,

182 2022 316 2120 inquit,
352 1999 567 2100 διαστατικόν
599 2023 674 2100 irre
707 2028 764 2101 καὶ
797 2023 1005 2124 διαιρετικόν,
1034 2027 1072 2100 τό
1109 2023 1144 2103 lt
1178 2024 1260 2124 όόωρ

182 2147 374 2232 κολλητικὸν
398 2149 456 2222 καὶ
478 2149 640 2248 σχετικόν
647 2202 660 2241 ,
685 2151 727 2247 τῇ
753 2149 908 2248 ὑγρότητι
929 2149 1072 2249 συνέχον
1095 2150 1153 2223 καὶ
1175 2151 1262 2239 τῆτ-

182 2287 252 2340 τοι·
285 2262 387 2365 Ιἧκα)
412 2273 587 2372 παρέσχεν
612 2270 838 2368 ’spartanos
869 2270 1035 2362 ὑπόνοιαι,
1064 2271 1104 2350 ὡς
1135 2271 1174 2343 τό
1201 2272 1263 2364 μὲν

182 2396 247 2485 τῦρ
273 2395 422 2473 Νεῖκος
444 2396 685 2490 οὐλόμενον,
706 2391 967 2494 τχεδόιηιόέ
992 2394 1203 2481 Φιλότητα
1224 2393 1262 2465 τὸ

105 2593 109 2599 ,
182 2511 280 2608 ὑγρόν
307 2511 475 2590 ἑκάστοτε
496 2521 828 2615 τριςαγτρειόωνῑῑῒ.
876 2515 977 2588 Idem
999 2513 1089 2588 valle
1108 2512 1263 2602 videtur,

73 2703 75 2708 ,
181 2629 248 2704 ubi
269 2631 371 2725 dicit,
394 2638 643 2736 Empedoclem
667 2639 841 2713 clementa
864 2638 1015 2711 miscere
1034 2651 1070 2709 et
1090 2635 1263 2734 congluti-

181 2777 270 2825 nare
291 2753 406 2830 calore
430 2784 471 2830 ac
493 2757 660 2834 humore:
685 2761 701 2835 ό
720 2765 782 2858 μὲν
798 2757 1023 2856 Ἐμπεδοκλῆς
1040 2759 1088 2834 τα
1104 2763 1265 2859 στοιχεῖα

181 2880 321 2952 κολλῶν
346 2880 404 2952 καὶ
430 2883 689 2979 συναρμόττων
706 2881 876 2981 θερμότητι
897 2885 953 2958 καὶ
973 2881 1186 2982 μαλακότητι
1208 2883 1265 2956 καὶ

182 2998 358 3096 ὑγρότητι,
380 3005 469 3097 μῖξιν
489 3007 598 3086 αὐτοῖς
618 3009 675 3081 καὶ
696 3007 872 3103 συμφυΐαν
891 3006 1036 3096 ἑνωτικὴν
1054 3003 1265 3103 ἀμωσγέπως

180 3117 325 3196 totilum
342 3127 422 3196 ¹¹⁸.
474 3126 573 3218 Quid
609 3129 706 3200 enim
741 3143 793 3202 est
828 3127 925 3228 quod
959 3127 1134 3201 elementa
1168 3123 1265 3224 apud

181 3243 434 3342 Empedoclem
460 3248 581 3321 miscet
598 3263 636 3322 et
657 3263 847 3348 temperat,
867 3249 936 3322 nisi
954 3248 1116 3322 Amicitia
1132 3261 1169 3320 et
1186 3247 1266 3322 Dis-

216 3401 288 3470 (115)
306 3401 419 3472 simplic.
432 3405 457 3456 in
481 3405 582 3457 laistei.
600 3405 676 3474 Plrys.
694 3409 716 3464 Ι,
733 3407 750 3458 s.
769 3408 800 3469 hd
817 3409 842 3458 Α.

217 3493 291 3562 (ι16)
312 3495 405 3547 Sextus
423 3495 519 3566 Empir.
540 3497 599 3549 adr.
615 3497 738 3551 hlotheri.
759 3500 817 3562 vtt,
842 3513 903 3561 sao,
921 3499 955 3552 X,
973 3495 1031 3562 317.
1064 3497 1103 3548 (ὶί.
1121 3494 1267 3564 Empedoel

183 3601 230 3637 rsa.
254 3584 510 3650 rofi-107.dat-323.

219 3675 291 3739 (¹¹7)
308 3675 438 3728 Plutarch.
450 3675 484 3728 de
500 3675 586 3728 Primo
603 3675 659 3746 frig.
674 3695 699 3747 p.
717 3677 774 3747 952,
789 3679 844 3730 Vol.
864 3679 912 3740 tx,
929 3695 954 3746 p.
976 3677 1024 3744 749
1041 3677 1071 3726 h.
1088 3673 1170 3743 Ipsius
1186 3673 1267 3726 rerba

184 3767 327 3836 παρέσχεν
356 3765 502 3833 habeatur,
528 3767 694 3834 suspicionem
721 3767 804 3833 sarit,
831 3769 891 3819 satia
925 3766 994 3818 clare
1027 3763 1155 3825 indicant,
1183 3762 1266 3832 ipsum

182 3857 367 3928 Empedoclem
385 3877 438 3912 non
452 3861 489 3910 sic
505 3859 648 3909 nominasse
657 3843 669 3908 ιΙ
681 3859 802 3927 quocirca
819 3859 899 3910 miror
918 3854 1075 3906 Brandisium
1088 3851 1154 3904 Hiar.
1167 3851 1231 3904 Phil.
1246 3857 1266 3916 l,

182 3963 207 4016 p.
227 3947 289 4011 aod,
312 3965 344 4000 ex
361 3949 411 4001 hoc
430 3948 561 4002 Plutarchi
580 3946 731 3998 testimonio
750 3955 872 4018 tanquam
889 3953 989 3998 certum
1007 3941 1119 4002 afficere,
1138 3941 1267 4011 Empedo-

182 4037 249 4090 clem
268 4037 377 4103 ignem
391 4037 550 4100 Discordiam
571 4053 692 4106 aquam
712 4037 843 4090 Amicitiae
860 4035 948 4088 saciare
965 4034 1113 4102 subjectam.

218 4123 292 4194 (τιὸ)
310 4127 347 4180 td.
364 4127 421 4180 adr.
443 4127 524 4181 Colot.
544 4144 571 4195 p.
590 4141 658 4212 trra.
675 4122 731 4174 Vol.
745 4125 778 4190 X,
796 4141 821 4194 p.
841 4123 889 4187 573
907 4127 937 4177 n.
