2968 4838
286 411 347 474 tot
672 423 719 470 on
744 421 960 471 nurnnocms

281 589 306 662 i.
323 616 354 663 e.
378 601 555 662 »monstra
572 587 722 662 existere
739 587 798 664 vel
815 586 1055 664 redundantid
1067 585 1212 660 seminis
1227 585 1285 660 vel
1295 587 1351 662 de

281 711 395 802 iectu,
419 711 520 786 vele
546 709 659 808 prima
684 708 797 784 foetris
819 709 992 799 motione,
1016 707 1075 782 vel
1097 707 1240 780 seminis
1264 731 1350 806 par-

280 834 419 907 tiumve
445 829 608 905 scissione
631 829 689 906 vel
708 810 945 905 aberratione:
980 829 1047 922 ita,
1077 825 1174 902 addit
1195 829 1350 927 scriptor,

280 977 402 1027 omnes
430 937 558 1051 paene¹
579 976 672 1053 quae
705 949 907 1026 afferuntur
941 961 1181 1023 monstrorum
1214 974 1350 1022 caussas

278 1073 337 1148 ille
359 1075 575 1173 praecepisse
603 1071 775 1149 viderur?
823 1075 900 1171 Ego
919 1085 1040 1144 autem
1059 1091 1193 1162 vereor,
1218 1093 1266 1143 ne
1295 1069 1351 1142 hic

277 1215 428 1293 quoque
452 1193 557 1264 nimis
580 1193 681 1266 docte
705 1191 958 1291 Empedoclem
982 1189 1211 1264 disserentem
1231 1192 1349 1280 faciat,

279 1313 485 1413 praesertim
506 1337 623 1415 quum
643 1337 710 1387 nec
730 1311 932 1386 Aristoteles
956 1335 1023 1384 nec
1047 1311 1136 1386 alius
1159 1314 1348 1413 quisquam

278 1434 323 1508 de
340 1433 405 1506 hoc
420 1433 547 1532 placito
569 1433 785 1507 mentionem
810 1431 916 1506 faciat
938 1435 1017 1506 ²⁵⁶.
1066 1432 1250 1506 Notissima
1270 1457 1351 1508 vero

278 1567 365 1626 sunt
384 1553 605 1653 Empedoclis
626 1541 772 1652 τέῥοτον,
800 1579 894 1654 quae
917 1551 1090 1653 principio
1117 1567 1268 1627 naturae
1288 1579 1350 1627 ex-

277 1673 401 1746 stitisse
429 1675 551 1768 tinxit,
576 1675 721 1776 βουγενῆ
750 1675 807 1750 illa
838 1691 875 1750 et
896 1675 1031 1776 reliqua
1064 1673 1174 1775 hujus
1195 1678 1346 1776 generis:

277 1792 364 1867 hinc
393 1794 488 1869 sacili
518 1799 807 1897 interpretatione
841 1796 1012 1897 placitum
1046 1797 1141 1870 istud
1168 1798 1255 1896 fingi
1275 1813 1349 1870 eta

277 1930 429 1990 naturae
456 1919 589 2018 origine
612 1918 656 1993 ad
679 1919 879 1994 humanum
908 1933 1053 2017 partum
1078 1917 1264 1993 transferri
1284 1945 1351 2018 po-

278 2041 350 2112 tuit
372 2047 450 2114 ²⁶⁷.

327 2161 423 2234 Haec
448 2159 492 2234 ad
517 2161 634 2236 loeuls
664 2161 929 2259 conceptionem
958 2174 1134 2260 spectant;
1163 2187 1269 2261 porro
1293 2163 1350 2234 in-

278 2295 500 2356 crementum
524 2283 602 2382 ejus
627 2281 861 2355 attendamus.
912 2283 1040 2356 Partus
1063 2295 1167 2357 utero
1194 2284 1352 2359 inclusus

277 2401 475 2479 involvitur
502 2403 726 2484 membr-ant.
758 2403 818 2476 oui
846 2425 977 2505 nomen
1012 2401 1125 2498 ἀμνίον
1146 2407 1353 2504 imposuisse

278 2523 507 2623 Empedocles
528 2525 768 2600 traditur²⁵⁸.
805 2522 934 2598 Foettis
952 2537 1073 2598 autem
1091 2527 1130 2598 in
1152 2539 1257 2600 utero
1276 2528 1353 2601 for-

278 2643 470 2720 mationem
487 2647 644 2746 incipere
660 2645 767 2742 dixit,
791 2647 895 2722 utin
921 2643 1060 2719 Placitis
1084 2645 1231 2747 iegitur,
1257 2649 1352 2722 adie

311 2825 384 2891 (256)
402 2829 548 2882 Aristoteles
564 2831 597 2882 de
615 2831 704 2882 Gener.
723 2830 804 2882 duim
823 2829 869 2890 lv,
886 2827 916 2892 d,
936 2828 985 2879 hro
1005 2825 1039 2878 de
1058 2843 1088 2879 re
1110 2825 1254 2892 disserens,
1276 2846 1352 2882 unum

277 2925 405 2968 memorat
421 2917 605 2970 Democritum.
916 2945 921 2952 ·

309 3003 382 3074 (σξιο)
398 3005 452 3058 tati
473 3007 618 3060 confusioni
636 3007 760 3076 originem
777 3005 946 3078 praebuerint
962 3003 1069 3056 foratu
1094 3005 1174 3059 rerba
1197 3007 1353 3074 Aristotelis,

276 3091 352 3154 Phys.
375 3095 413 3160 11,
432 3098 455 3159 8,
480 3113 504 3166 p.
534 3111 581 3160 ayo
601 3097 621 3148 G
640 3099 678 3159 D,
698 3097 744 3148 ubi
761 3095 931 3166 Empedoclea
948 3101 1071 3163 parurn]
1089 3095 1170 3148 refert
1189 3098 1222 3150 ad
1244 3103 1355 3170 τέρατα.

277 3182 356 3248 Cujus
375 3182 454 3236 verba
472 3185 508 3236 sic
528 3183 649 3254 explanat
668 3183 801 3255 Philopoa.
823 3181 900 3252 Phys.
916 3183 956 3244 fl,
980 3187 1025 3239 16:
1041 3190 1069 3240 al
1086 3189 1134 3238 eal
1152 3191 1246 3254 δῶμεν
1262 3193 1354 3261 ἀληθῆ

279 3265 353 3325 εἶναι
367 3275 417 3326 τὸν
432 3273 657 3340 Ἐμπεδοκλέους
672 3279 784 3341 μῦθον,
799 3273 834 3336 eie
850 3274 913 3328 κατ’
927 3279 1017 3348 ἀρχὴν
1027 3281 1145 3350 συνέστη
1158 3285 1220 3335 τινὰ
1233 3291 1354 3355 steropen}

277 3365 474 3437 ένδρένορννρο,
491 3371 541 3420 τοῦ
560 3369 692 3434 ὀλοφυοῦς
706 3369 808 3422 τούτου
827 3371 855 3438 (i.
866 3389 890 3424 e.
904 3373 955 3424 τοῦ
973 3375 1130 3444 σπέρματος
1139 3378 1193 3430 sire
1204 3387 1253 3448 τῆς
1263 3381 1355 3450 ἀρχῆς)

276 3462 435 3531 φθαρέντος
455 3461 584 3531 δηέένοτν
599 3465 727 3532 συνέστη,
745 3463 836 3533 ὅσπερ
855 3465 904 3514 sul
919 3468 971 3517 νῦν
987 3471 1023 3520 τὰ
1036 3471 1144 3539 τέρατα
1159 3470 1287 3539 γίνεται,
1305 3477 1353 3526 τοῦ

232 3587 235 3593 -
277 3557 434 3626 σπέρματος
452 3557 609 3625 φθαρέντος
626 3559 644 3626 ἢ
661 3557 866 3614 πλεονάσαντος
882 3559 899 3624 ἢ
919 3557 1111 3623 ἐλλείψοντος.
1146 3564 1213 3616 Hinc
1235 3566 1354 3633 intelligi·

278 3655 330 3711 tur,
351 3664 428 3718 qnam
451 3649 525 3701 facile
541 3649 623 3702 suerit
639 3648 795 3719 placitorum
817 3649 956 3721 ῥαψῳδοτς
974 3651 1071 3722 duplex
1089 3652 1157 3706 istud
1179 3661 1354 3707 monstrorum

278 3749 356 3798 genas
376 3737 544 3791 confundere.

311 3832 385 3902 (ste)
401 3835 496 3888 Pollux
516 3839 606 3889 onom.
627 3837 669 3899 11,
691 3831 750 3886 aad:
771 3835 869 3898 έμνέον
886 3830 1013 3900 'Epami
1036 3835 1126 3889 νοέοτ.
1158 3833 1242 3884 Rufus
1266 3832 1351 3901 Ephes

278 3921 311 3974 de
331 3923 399 3976 Part
419 3925 480 3979 hom
511 3943 534 3979 c.
555 3925 595 3991 37.
627 3924 937 3994 ct.1nrpp.sdttesyct.
954 3926 980 3976 in
1000 3941 1024 3976 r.
1044 3924 1129 3978 Stura.
1151 3925 1224 3991 ttmp.
1244 3937 1272 3989 p·
1289 3919 1352 3981 llis

277 4019 351 4065 notat
366 4013 436 4082 apud
453 4017 538 4070 Galen.
559 4019 591 4070 de
610 4015 661 4067 Usu
679 4024 746 4086 part.
763 4015 821 4075 XV,
837 4015 854 4076 tr
873 4023 900 4066 et
916 4013 932 4064 5
949 4023 976 4066 et
991 4013 1125 4084 Theophil.
1140 4013 1166 4064 iu
1178 4011 1278 4064 Fabrie
1292 4008 1350 4060 aut

278 4101 321 4153 Gr.
339 4104 396 4156 Vol.
418 4105 481 4170 ΧΠ,
502 4125 528 4176 p.
549 4107 598 4176 ⁸96
617 4123 671 4177 sqq.
690 4106 769 4159 scribi
789 4107 838 4157 τὸν
859 4106 972 4170 ὅμοιον,
988 4108 1102 4173 duratos
1121 4102 1163 4157 tel
1181 4103 1301 4166 ἀρνενέν.
