2950 4822
564 435 734 485 canutus.
1194 423 1256 486 107

138 601 268 675 haecce.
319 601 513 700 Postquam
535 600 713 676 Discordia
733 603 772 674 in
794 599 973 702 profunda
994 603 1136 677 recessit

137 723 287 818 vorticis,
303 746 423 824 quum
437 721 599 796 Amicitia
615 723 654 796 iu
670 720 831 796 medium
843 721 990 822 globum
1004 725 1255 825 penetraverit,

137 873 196 946 per
218 845 313 919 banc
335 844 453 922 omnia
474 845 513 918 iu
534 867 655 918 uuum
677 842 783 943 plane
807 850 954 934 coeunt,

70 995 126 1068 ¹7⁰·
137 993 203 1042 non
226 968 273 1042 de
290 980 460 1067 repente,
476 965 538 1040 sed
554 967 724 1040 continuo
741 978 864 1040 tenore
880 967 946 1040 alia
966 967 1111 1042 aliunde
1127 981 1255 1044 coorta.

135 1089 191 1164 His
208 1103 332 1164 autem
353 1091 489 1182 mixtis,
507 1089 718 1172 funduntur
737 1088 846 1165 millia
869 1089 1074 1164 mortalium
1094 1115 1242 1190 generc3

137 1211 244 1284 multa
264 1225 386 1286 tamen
407 1212 569 1289 immixta
590 1225 724 1285 restant
744 1209 865 1284 mixtis
886 1212 1059 1310 opposita,

136 1347 311 1434 quotquot
330 1333 511 1410 Discordia
532 1345 726 1408 contumax
747 1331 866 1406 adbuc
887 1345 1040 1408 teneret:
1065 1357 1139 1408 non
1161 1335 1259 1410 enim

136 1467 202 1528 tota
224 1479 371 1554 prorsus
394 1455 534 1530 recessit
555 1453 599 1528 ad
622 1468 797 1528 extremas
820 1451 913 1526 orbis
933 1479 1029 1548 oras,

66 1576 192 1678 175.sed
213 1603 296 1676 pers
318 1575 396 1676 ejus
417 1573 663 1650 membrorum
686 1575 871 1662 remansit,
897 1601 979 1673 pars
1000 1578 1159 1650 excessit.

134 1701 323 1794 Quantum
344 1714 462 1775 autem
483 1699 571 1773 baec
594 1699 796 1798 refugeret,
823 1712 965 1773 tantum
986 1697 1243 1798 insequebatur

134 1849 249 1924 usque
273 1821 457 1897 clementie
481 1835 518 1896 et
541 1817 630 1896 lidae
654 1820 838 1896 Amicitiae
863 1819 983 1898 divina
1003 1819 1067 1896 vis.

137 1945 260 2018 Statim
282 1943 444 2040 mortalia
464 1941 557 2016 facta
578 1955 664 2017 sunt
681 1968 776 2044 quae
793 1944 894 2042 prius
915 1953 1018 2015 erant
1035 1940 1262 2035 immortalia,

136 2079 170 2138 et
193 2065 307 2139 mixta
327 2089 422 2165 quae
453 2063 556 2162 prins
584 2089 693 2164 pura,
722 2065 955 2139 commeantia
976 2065 1015 2138 in
1037 2089 1075 2138 se
1095 2064 1262 2142 invicem.

68 2185 124 2258 180.
135 2183 193 2258 llis
210 2198 334 2259 autem
351 2181 524 2278 conflatis,
541 2183 753 2259 funduntur
768 2185 879 2259 millia
898 2183 1104 2260 mortalium
1118 2211 1262 2286 genera,

136 2304 300 2380 omuibus
319 2305 493 2383 instructa
516 2305 657 2398 formis,
679 2303 840 2380 mirabile
863 2306 959 2385 visu!

324 2511 974 2558 *aas*

137 2673 209 2774 Age
231 2695 457 2764 vero„nuno
477 2669 541 2743 tibi
565 2669 680 2744 dicam
700 2668 861 2770 primum
882 2670 1081 2771 prinoipem
1103 2668 1230 2762 solem,

139 2917 313 3019 equibus
332 2916 548 2992 exstiterunt
570 2941 665 3017 quae
688 2940 789 2988 nuuc
811 2929 1016 2990 cernuntur
1038 2918 1173 3014 omnia,

141 3053 231 3114 terra
253 3053 364 3141 atque
385 3064 484 3112 mare
503 3037 686 3112 undosum
709 3051 746 3112 et
770 3035 929 3138 liquidus
953 3043 1033 3134 aer,

69 3161 128 3235 185.
139 3161 241 3236 Titan
267 3175 377 3262 atque
403 3158 526 3235 aether
547 3159 774 3234 circumcirca
799 3161 916 3234 omnia
941 3164 1116 3236 mercena.

483 3361 820 3410 sss

141 3525 193 3598 Sol
216 3537 321 3598 acute
344 3521 501 3622 jaculans
525 3547 724 3624 serenaque
749 3521 849 3598 luna.

66 3767 131 3825 uque
146 3755 176 3810 ad
193 3757 300 3826 ἄκρητα
317 3765 445 3810 memorat
465 3757 627 3823 Aristoteles,
653 3759 725 3812 Poeta
746 3778 769 3812 o.
786 3759 833 3822 25,
855 3758 947 3831 petus
965 3763 1004 3826 H;
1026 3769 1053 3816 ct
1071 3761 1219 3816 cornutus
1235 3763 1263 3816 iu

66 3841 121 3896 llud.
135 3848 160 3908 1,
174 3866 198 3918 p.
216 3829 279 3913 546,
297 3845 337 3911 57.
360 3847 478 3918 lienique
490 3848 592 3901 initium
603 3865 692 3902 versus
708 3866 766 3920 179,
781 3849 935 3906 Plutarchus
949 3852 1068 3921 Sympor.
1080 3853 1111 3920 V,
1121 3851 1150 3919 4,
1162 3868 1188 3922 p.
1199 3852 1262 3918 677;

67 3929 110 3985 l'ol
124 3935 198 4000 vlu,
214 3955 240 4008 p.
257 3935 317 4004 696.

91 4022 137 4074 l'u.
156 4025 276 4078 rsa-1852
296 4027 336 4076 m
355 4024 383 4080 δ’
403 4026 456 4096 ἄγε
472 4057 507 4068 -
524 4028 662 4098 ἅπαντα.)
691 4028 808 4083 Clemens
828 4027 868 4084 ΔΙ.
891 4031 986 4086 Strom.
1003 4033 1034 4095 V,
1052 4047 1078 4102 p.
1099 4030 1147 4098 570
1165 4037 1194 4089 l.

91 4109 126 4162 Vs.
149 4115 204 4166 rsa:
222 4108 322 4178 Ἥλιος
341 4119 411 4186 κτλ.)
446 4121 598 4175 Plutarchus
617 4121 650 4176 de
668 4119 715 4172 sao.
733 4119 793 4173 0rb.
812 4120 876 4174 Luc.
894 4137 919 4190 p.
936 4137 985 4188 qao
996 4141 1003 4186 ς
1016 4121 1073 4176 Vol.
1091 4125 1145 4182 IX,
1165 4143 1192 4194 p.
1204 4125 1263 4190 sos.
