2958 4822
267 345 308 406 ³2
659 355 706 402 on
728 351 942 402 anennoeto

191 508 198 522 ’
265 547 338 622 quo
361 527 531 620 maiorm
553 525 609 596 sui
631 523 831 621 opinionem
850 520 1057 596 hominibus
1078 519 1253 619 injimret,
1275 523 1333 594 in·

249 631 408 716 ⁴terdum
429 641 645 718 ambitiosius
667 668 704 716 se
722 643 880 744 jactasse,
900 639 1032 714 babent
1053 654 1172 714 tameo
1194 643 1336 716 iataali·

264 777 444 862 quantum
465 763 710 838 excusationis.
743 765 920 836 Primum
941 761 1050 836 luxus
1072 761 1131 834 illa
1151 764 1335 836 ostentatio

186 887 189 892 ’
265 909 430 984 magnam
445 899 581 983 partem
592 885 906 985 Agrigentinorum
920 883 998 982 ejus
1008 885 1175 982 temporis
1186 883 1334 983 opulen-

178 1085 182 1092 .
265 1005 335 1076 tiae
351 1003 549 1078 tribuenda.
579 1006 800 1104 Agrigentini
816 1006 918 1104 enim
932 1004 991 1077 illo
1009 1020 1168 1103 tempore
1183 1020 1256 1078 tam
1272 1005 1334 1078 soti

265 1122 427 1198 ubertate
456 1150 565 1225 quam
591 1139 789 1199 mercatura
812 1125 1001 1198 immensas
1023 1123 1089 1196 sibi
1111 1126 1336 1224 quaesierant

155 1313 165 1320 .
263 1243 419 1334 divitias,
448 1271 541 1346 quae
566 1244 748 1344 ingentem
773 1243 917 1343 publice
941 1243 1180 1344 privatimque
1205 1243 1335 1318 luxum

141 1435 144 1442 .
167 1443 176 1460 ‚
264 1364 424 1459 alebaut;
444 1366 683 1442 aedificiorum
703 1367 977 1464 magnificentia,
995 1363 1168 1438 festorum
1189 1391 1334 1466 pompa,

263 1487 563 1584 suppellectilium
582 1477 807 1587 vestiumque
824 1499 988 1574 ornatus,
1008 1487 1097 1560 vitae
1113 1486 1221 1560 luxua
1234 1501 1271 1560 et
1285 1487 1336 1560 di·

264 1607 364 1680 liciae
388 1607 607 1680 incredibiles
629 1622 731 1680 erunt
752 1611 807 1680 ⁸⁵.
859 1607 902 1678 In
926 1605 986 1678 tali
1010 1605 1171 1696 civitate,
1194 1607 1257 1680 ubi
1279 1623 1337 1682 te-

264 1729 382 1804 auitas
398 1730 603 1826 praesertim
617 1729 654 1800 in
670 1727 812 1801 homine
827 1726 937 1800 divite
954 1710 1056 1798 facile
1067 1725 1196 1824 probro
1211 1727 1339 1820 habito,

188 1941 191 1956 Ι
263 1873 441 1950 quaenam
457 1847 579 1921 melior
595 1861 671 1922 erat
685 1847 729 1920 ad
748 1849 992 1922 auctoritatem
1004 1848 1077 1938 via,
1094 1874 1204 1948 quam
1221 1849 1337 1948 splen·

264 1970 328 2047 dor
347 1969 494 2070 quidam
517 1983 553 2042 e't
575 1968 708 2060 fastus,
727 1970 897 2068 gravitate
921 1970 1126 2066 praesertim
1149 1995 1190 2042 ac
1207 1975 1338 2046 severi-

265 2105 337 2164 tate
360 2087 602 2190 temperatus?
650 2089 757 2182 Quod
781 2104 903 2163 autem
924 2089 968 2162 ad
988 2092 1221 2189 arrogantiam
1242 2091 1338 2168 illam

264 2215 406 2302 attinet,
416 2237 489 2311 qua
501 2237 538 2286 ae
549 2225 721 2312 tanquam
733 2211 851 2284 Deum
863 2209 1095 2310 praedicaret,
1110 2237 1202 2285 num
1218 2219 1337 2312 poetas

264 2347 302 2408 et
332 2345 447 2424 vates,
477 2330 693 2426 Pindarum,
733 2331 939 2434 Horatium,
972 2347 1173 2431 arrogantes
1209 2359 1339 2410 censo·

264 2480 365 2546 mua,
395 2479 513 2554 quum
536 2453 638 2554 quasi
666 2452 897 2527 vaticinantes
919 2455 1039 2530 diviua
1063 2431 1183 2527 mente
1211 2468 1248 2528 et
1277 2455 1339 2528 in-

166 2620 172 2628 ·
263 2577 395 2650 eductu
419 2600 457 2648 se
479 2576 610 2673 jactant
631 2587 667 2646 et
692 2573 822 2674 gloriae
844 2573 1140 2648 immortalitatem
1167 2573 1233 2648 sibi
1254 2577 1338 2652 vin-

264 2691 407 2770 dicanti
455 2695 588 2768 Nonne
608 2719 691 2792 ergo
716 2695 755 2766 iu
776 2693 981 2794 philosopho
1001 2694 1097 2770 idem
1117 2694 1354 2772 coudonabi·.

264 2843 365 2910 mus,
386 2814 446 2888 tali
470 2817 692 2914 praesertim,
714 2815 831 2917 qualis
853 2815 1083 2915 Empedocles
1104 2815 1203 2891 tutt‘t
1250 2819 1338 2922 Erat

234 2919 235 2924 Ἰ
265 2939 363 3012 enim
383 2935 434 3010 illi
454 2937 640 3034 ingenium
658 2937 808 3030 elatum,
823 2937 987 3012 sublimia
1008 2953 1185 3038 spectans,
1197 2931 1338 3012 animus

264 3059 534 3160 μελαγχολικός,
544 3073 586 3132 nt
599 3057 731 3160 judicat
746 3060 1012 3153 Aristoteles⁸⁶,
1021 3085 1173 3160 eamque
1188 3073 1338 3136 naturae

265 3182 420 3256 indolem
441 3184 534 3258 vitae
556 3181 774 3256 consuetudo
794 3197 831 3255 et
846 3181 1002 3255 doctrina
1021 3181 1157 3254 aluerat
1170 3196 1207 3254 et
1222 3205 1337 3290 auae-⁸

265 3319 330 3379 rat.
382 3303 554 3404 Fingebat
578 3301 645 3377 sibi
668 3302 849 3376 mundum
870 3301 1021 3402 plenum
1041 3301 1144 3376 bonis
1167 3301 1339 3404 malisque

265 3427 376 3527 geniis
399 3427 465 3526 qui
492 3449 547 3498 res
562 3424 738 3498 humanas
752 3423 1041 3518 moderarentur,
1061 3422 1339 3523 hominibusque

266 3529 324 3623 'vel
340 3547 546 3647 prodessent
565 3543 622 3619 vel
639 3557 822 3635 nocerent;
840 3542 1000 3616 homines
1015 3545 1107 3644 ipsos
1122 3544 1244 3622 divina
1261 3547 1342 3617 stir-

265 3697 312 3770 pe
335 3685 426 3745 ortos
451 3667 605 3764 deiparae
632 3690 706 3738 esse
728 3661 967 3762 praedicabat,
995 3663 1055 3738 sed
1077 3691 1097 3738 c
1119 3665 1258 3739 coelesti
1284 3692 1341 3740 re·

299 3903 357 3968 (at)
375 3901 482 3956 Diodori
499 3901 578 3954 Siculi
595 3898 864 3969 recapitulatam.
881 3901 962 3964 thl,
982 3917 1005 3953 c.
1022 3902 1051 3954 er
1072 3917 1128 3972 aqq.
1143 3899 1192 3955 etti
1207 3899 1341 3972 aliquanto

268 3993 413 4064 posterior,
441 3992 574 4062 antiquam
591 3999 678 4042 taum
696 3989 768 4042 urbia
783 3989 996 4057 magnaeanum
1012 3991 1109 4062 optime
1127 3999 1242 4048 testatur.

300 4085 351 4146 (86)
368 4083 425 4135 vid.
442 4081 548 4136 triatot.
564 4079 693 4132 Problem.
707 4080 800 4144 XXX,
819 4097 845 4146 ¹3
864 4097 889 4150 p.
908 4079 957 4132 625
974 4085 1001 4134 t.
