2952 4836
226 423 289 487 tte
619 442 666 490 nn
689 439 905 490 nurunocus

225 619 370 704 pateant
397 621 432 681 et
456 622 529 681 tam
553 609 592 681 in
616 633 740 682 rerum
768 621 896 680 natum
919 628 1030 704 quam
1060 603 1101 672 in
1131 601 1299 672 animan·

223 728 316 800 tium
340 742 377 802 et
399 728 589 804 hominum
610 753 741 828 genere
763 727 1009 814 dominentur,
1034 721 1299 796 consensionem

95 858 98 864 '
224 861 261 920 et
290 848 556 926 dissensionem.
607 851 677 924 Per
709 849 856 924 alteram
885 845 1023 922 diversa
1055 843 1231 918 elementa
1258 843 1297 912 in

223 993 343 1042 unum
365 972 573 1062 coalescere,
590 985 738 1046 naturas
755 971 847 1044 hene
865 966 1075 1066 compositas
1089 979 1163 1037 tam
1179 963 1297 1035 animo

223 1115 334 1188 quam
357 1115 501 1191 corpme
517 1092 682 1182 formari,
702 1090 822 1164 omnia
848 1091 886 1166 in
909 1087 1069 1162 ordinem
1087 1083 1213 1180 redigi,
1234 1081 1297 1155 de·

223 1211 335 1312 nique
363 1215 572 1288 universum
597 1213 780 1287 mundum
803 1209 987 1292 harmonia
1011 1205 1209 1298 contineri3
1231 1228 1297 1302 per

221 1331 366 1406 alteram
390 1331 530 1408 diversa
553 1335 647 1408 iuter
670 1361 709 1407 se
733 1334 898 1425 alienari,
927 1325 1218 1428 unumquodque
1241 1325 1297 1398 sui

222 1467 393 1552 appetens
414 1453 541 1552 fugere
565 1455 736 1546 alterum,
760 1481 884 1528 rerum
910 1463 1126 1525 concentum
1148 1444 1297 1535 turbari,

224 1571 439 1647 universum
459 1577 497 1646 iu
517 1579 690 1675 oppositas
714 1576 881 1649 factiones
904 1571 1039 1663 divelli,
1064 1571 1196 1643 mutui
1212 1593 1298 1644 vero

221 1690 364 1765 illarum
386 1697 520 1770 virium
542 1695 679 1769 actione
700 1723 844 1770 omnem
866 1719 991 1768 rerum
1012 1705 1199 1782 naturam,
1233 1713 1299 1761 or·

221 1824 321 1905 tum,
352 1815 538 1890 interitum
570 1817 755 1916 variasque
802 1815 1016 1890 mutationes
1063 1811 1165 1886 effici.
1228 1810 1298 1883 Has

221 1959 304 2033 ergo
324 1950 447 2010 mente
468 1937 668 2013 informans
688 1952 834 2012 naturas
856 1933 958 2010 finxit
978 1950 1138 2010 aeternas
1154 1947 1191 2007 et
1208 1932 1298 2008 diri·

221 2079 299 2147 nas,
334 2057 461 2130 mundi
490 2057 755 2151 moderatrices,
789 2082 946 2159 quarum
970 2058 1079 2130 altera
1103 2068 1231 2128 cuncta
1258 2055 1296 2126 in

220 2201 339 2250 unum
366 2177 606 2280 divinumque
628 2195 844 2254 concentum
867 2179 1044 2278 redigere,
1068 2177 1176 2250 altera
1197 2175 1297 2248 dissi-

217 2323 303 2396 pare
331 2316 368 2374 et
395 2303 433 2374 in
456 2303 646 2375 contrarias
672 2316 790 2402 partes
816 2325 942 2398 rapere
963 2299 1118 2393 nitatur3
1149 2297 1297 2370 alteram

219 2421 305 2494 iecit
323 2421 410 2498 honi
433 2427 609 2526 rectique,
632 2424 778 2498 alteram
800 2421 881 2494 mali
905 2421 1080 2522 pravique
1102 2435 1295 2496 auctorem.

268 2543 472 2642 Comparari
496 2559 612 2643 potest
634 2543 701 2618 hoc
725 2543 946 2642 Empedoclis
972 2543 1142 2639 placitum
1165 2545 1295 2641 partim

220 2689 306 2738 cum
335 2667 526 2739 Zoroastris
558 2665 718 2739 doctrina
746 2663 792 2739 de
818 2663 959 2738 duabus
982 2664 1116 2741 divinis
1139 2665 1300 2754 naturis,

221 2784 330 2859 altero
357 2783 483 2878 honi,
513 2785 624 2860 altero
658 2786 760 2859 mali
785 2786 1021 2885 principio
1043 2785 1237 2880 (Ormundo
1261 2801 1298 2859 et

220 2905 446 3005 Ahrimano),
464 2920 529 2980 ant
550 2931 634 2980 oum
656 2908 760 2980 simili
782 2907 930 2981 Manetis
951 2907 984 3000 (a
1006 2933 1079 3008 quo
1101 2907 1297 2981 Manichaei

222 3030 292 3102 orti
318 3028 419 3126 sunt)
450 3028 597 3128 placito,
628 3051 739 3130 quem
769 3027 1025 3129 Empedocleae
1058 3027 1298 3126 philosophiae

221 3147 406 3222 aemulum
425 3151 572 3250 quidam
587 3159 765 3250 putarunt
778 3161 858 3244 ¹⁴¹3
875 3151 1004 3250 partim
1020 3175 1105 3223 cnm
1120 3149 1297 3224 seriorum

219 3267 356 3369 placitis
380 3269 425 3344 de
450 3285 601 3346 naturae
625 3265 821 3349 actionibus
845 3275 1105 3370 centripeta
1127 3285 1164 3344 et
1191 3295 1296 3343 cen·

222 3391 404 3490 triluga.
458 3393 522 3465 Est
554 3395 593 3464 in
624 3393 683 3467 illo
716 3397 908 3494 utriusque
939 3393 1091 3495 aliquid,
1121 3406 1295 3466 neutrum

218 3539 304 3588 vero
332 3511 450 3613 plane.
513 3512 606 3587 Nam
636 3541 857 3616 quamquam
891 3517 1052 3591 Amicitia
1084 3511 1295 3612 praesertim

218 3635 322 3730 boni,
353 3635 530 3710 Discordia
558 3635 642 3711 mali
667 3638 711 3710 sit
737 3635 912 3730 effectrix,
940 3651 1060 3712 tamen
1083 3639 1217 3710 nonin
1240 3635 1297 3709 his

220 3758 361 3856 proprie
393 3759 584 3858 utriusque
607 3773 773 3833 naturam
797 3774 834 3834 et
857 3761 1029 3832 actionem
1051 3759 1199 3857 positam
1220 3781 1296 3830 csse

219 3899 327 3975 supra
351 3877 579 3951 ostendimus.
627 3881 733 3972 Quod
758 3897 879 3956 antem
904 3881 947 3954 ad
970 3883 1039 3957 vim
1063 3881 1295 3977 centripetam

253 4033 326 4100 (adr)
342 4033 473 4088 Cedrcuus
492 4037 598 4106 synope.
618 4037 682 4092 llirt.
699 4039 728 4091 T.
747 4041 770 4103 l,
786 4055 810 4106 p.
828 4036 926 4107 a591l3
944 4037 1033 4093 suidas
1052 4037 1077 4090 in
1095 4055 1118 4092 r.
1141 4039 1248 4106 Μάνης.
1263 4034 1295 4088 cl.

222 4121 304 4174 sun.
324 4138 348 4190 p.
371 4122 424 4186 aar.
