3016 4840
569 379 809 432 rurscsorrrra.
1166 369 1229 430 337

149 549 194 621 In
218 547 287 619 boc
308 546 430 620 haeret
451 547 671 641 Aristoteles,
694 573 873 650 quaereus
895 573 969 649 quo
992 575 1100 622 sensu
1121 551 1230 621 intel-

150 669 336 770 ligendum
349 670 392 742 sit
405 674 419 715 ⁸
430 682 460 742 1.
513 671 626 745 »Nam
646 672 796 761 mirum,
813 670 949 769 inquit,
963 672 1137 765 videatur,
1149 674 1231 744 Em·

150 791 465 892 pedoclem,.cum
490 791 665 866 elementa
691 795 791 865 inse
816 793 949 865 mutari
973 807 1010 864 et
1032 817 1230 866 commeare

152 897 278 1012 neget,
307 913 430 987 eadem
459 914 574 988 facere
603 916 814 1016 aequalia
843 911 950 1012 (lro):
981 913 1131 987 sienim
1159 911 1232 986 sint

154 1035 334 1136 aequalia,
347 1034 479 1138 debent
494 1061 567 1110 esse
584 1037 898 1135 comparabilia
917 1031 1152 1135 (συμβλητὸι),
1167 1033 1189 1105 i.
1199 1061 1231 1106 e.

153 1154 289 1229 debent
304 1155 435 1230 babere
451 1156 586 1258 aliquid
604 1183 796 1231 commune
813 1161 1024 1257 q'uoeorum
1041 1155 1233 1258 aequalitas

155 1279 394 1372 examinetur,
413 1280 487 1354 sive
509 1277 600 1350 illud
622 1279 659 1350 in
677 1280 877 1378 quantitate
893 1277 1049 1378 positum
1067 1280 1111 1350 sit
1130 1275 1187 1372 (ut
1206 1277 1235 1348 si

156 1425 203 1473 ex
226 1424 300 1474 nno
321 1427 435 1500 aquae
454 1399 607 1474 sextario
629 1401 715 1476 liant
734 1401 825 1474 ae'ris
848 1399 1002 1498 decem),
1023 1403 1097 1476 sive
1113 1399 1152 1470 in
1168 1423 1236 1495 po·

158 1533 284 1596 testate
318 1522 376 1622 (ut
405 1524 434 1595 si
461 1549 560 1596 unus
591 1549 705 1624 aquae
732 1525 906 1605 sextarius
933 1537 1076 1598 tantum
1100 1520 1238 1620 frigoris

157 1640 288 1716 babeat
320 1657 503 1743 quantum
535 1643 625 1716 airis
652 1641 803 1742 decem).
855 1641 991 1736 Quodsi
1025 1641 1093 1715 hoc
1129 1661 1238 1714 sensu

159 1763 322 1864 aequalia
338 1763 528 1858 habentur,
540 1789 616 1836 non
634 1777 782 1862 possunt
796 1787 871 1836 esse
886 1761 1123 1838 immutabilia
1139 1761 1240 1857 (ιίμε-

161 1883 353 1982 τάβλητιι).
405 1885 452 1956 At
477 1885 612 1980 possint
641 1883 750 1957 etiam
786 1885 982 1982 comparari
1017 1885 1241 1984 proportione

159 2007 254 2101 (κατ’
275 2006 470 2106 ἀναλογίαν)
489 2032 562 2104 qua
581 2031 637 2077 res
656 2003 818 2079 diversae
839 2006 1091 2097 conferuntur,
1113 2005 1246 2096 veluti,

163 2130 234 2204 tale
255 2127 312 2206 vel
336 2142 479 2202 tantum
501 2129 539 2198 in
564 2125 631 2198 hoc
653 2123 826 2218 calidum,
849 2139 1031 2226 quantum
1054 2129 1093 2198 in
1114 2125 1173 2198 illo
1196 2125 1246 2198 al·

164 2251 268 2328 bum.
318 2253 413 2349 Ergo
442 2250 471 2322 si
495 2249 628 2322 mutari
651 2247 745 2319 inter
765 2271 807 2318 se
831 2245 1010 2320 elementa
1037 2261 1246 2347 nequeunt,

167 2374 392 2473 proportione
421 2368 669 2470 comparabilia
701 2369 792 2460 sint,
820 2393 894 2440 non
923 2381 1045 2440 autern
1081 2345 1247 2443 mensura

168 2495 226 2570 vel
250 2507 420 2594 potestate
443 2489 638 2591 aequalia.’'
679 2489 775 2562 Haec
798 2487 1011 2562 Aristoteles.
1053 2490 1248 2563 Fateamur

168 2617 348 2716 profectu,
380 2611 631 2712 Empedoclem
660 2610 880 2712 aequalitatis
903 2607 1052 2683 modum
1078 2635 1150 2684 non
1175 2625 1249 2684 tam

169 2735 291 2812 subtili
317 2737 454 2810 trutina
472 2733 704 2808 examinasse.
754 2733 837 2824 Quo
853 2745 974 2803 tamen
995 2757 1101 2804 sensu
1123 2757 1252 2828 aequa·

170 2857 215 2930 lia
238 2883 278 2930 ac
294 2857 393 2956 paria
412 2857 554 2946 dixerit,
567 2851 667 2925 haud
685 2852 895 2927 obscurum:
917 2851 1032 2928 voluit
1049 2867 1086 2926 et
1105 2869 1249 2928 aeterna

172 3005 247 3056 esse
269 2993 398 3053 cuncta
425 2991 462 3052 et
482 2975 623 3077 aequali
646 2977 740 3048 inter
760 3000 798 3048 se
815 2987 987 3074 potestate
1010 3000 1051 3046 ac
1074 2975 1250 3074 pondere,

173 3099 267 3174 sicut
283 3102 357 3199 ipse
373 3096 576 3194 Aristoteles
594 3095 661 3168 alio
681 3093 755 3169 loco
771 3095 905 3196 judicat
923 3101 985 3191 ⁸²3
1006 3121 1053 3170 ne
1071 3096 1256 3190 videlicet,

175 3223 203 3294 si
220 3221 319 3295 aliud
336 3245 461 3295 eorum
474 3217 662 3308 valentius,
676 3215 774 3290 aliud
790 3215 1000 3291 imbecillius
1010 3231 1117 3312 esset,
1132 3245 1252 3293 onum

174 3340 312 3444 reliqua
354 3341 569 3440 opprimeret
608 3364 648 3414 ac
683 3336 950 3438 pessumdaret,
988 3364 1104 3440 eoque
1141 3341 1255 3413 omnis

206 3601 265 3666 (81)
283 3600 386 3654 Aristot.
405 3601 497 3652 Gener.
518 3607 545 3651 et
564 3600 636 3652 Gorr.
657 3603 694 3664 11,
716 3600 741 3652 6.
756 3597 839 3668 princ.
858 3613 884 3666 p.
903 3597 917 3660 d
936 3597 963 3658 4.

206 3711 261 3783 (ta)
278 3713 381 3765 Aristot.
399 3713 508 3764 Meteor.
530 3715 550 3774 1,
572 3711 595 3764 ³.
608 3728 633 3781 p.
655 3713 700 3774 dtr
727 3713 759 3765 G:
781 3712 907 3778 διαφέρει
929 3705 957 3762 δ’
978 3709 1079 3773 οὐθὲν,
1099 3707 1167 3762 οὐδὲ
1189 3709 1258 3768 εἴτις

176 3809 257 3874 φήσει
278 3803 328 3869 μὶν
346 3808 383 3872 μὴ
402 3807 554 3870 γίγνεσθαι
571 3807 665 3857 ταῦτα
681 3801 729 3872 (τὰ
747 3805 885 3874 στοιχεῖα)
902 3808 928 3865 ἐξ
945 3804 1080 3873 ἀλλήλων,
1101 3799 1149 3856 lou
1163 3806 1259 3867 μίντοι

177 3905 230 3968 τὴν
246 3899 365 3963 δύναμιν
382 3892 464 3952 εἶναι·
483 3901 554 3952 κατὰ
571 3898 827 3970 τοῦτον(ταύτὸνΐ)
839 3901 890 3967 γὰρ
906 3902 956 3950 τὸν
971 3901 1074 3968 τρόπον
1091 3900 1196 3966 ἀνάγκη
1208 3904 1260 3965 τὴν

178 3995 297 4061 ἶσότηια
322 3999 371 4061 τῆς
395 3994 536 4057 δυνάμεως
560 3992 697 4063 ὑπάρχειν
716 4002 774 4051 τοῖς
799 3996 951 4060 μεγέθεσιν
976 3991 1083 4053 αὐτῶν,
1104 3990 1194 4060 ὥσπερ
1211 3993 1260 4042 κᾶν

180 4089 208 4137 al
227 4086 378 4153 myrteam
391 4087 418 4146 Ιξ
434 4087 556 4154 ἀλίἡὶω
576 4086 710 4156 ὑπῆρχεν.
810 4063 814 4071 ¹

228 4179 294 4254 ΙΙΙ,
1095 4203 1138 4249 aa
