2958 4822
420 307 424 315 ’
513 321 599 386 vrrs
622 339 667 386 sr
689 339 832 390 srunus.
1177 329 1221 391 39

141 501 265 596 retuli,
290 525 369 578 nnn
386 501 431 576 ut
455 516 606 578 mortem
628 501 850 604 Empedoclis
872 503 1086 580 declararem
1109 507 1221 605 (ncn-

139 621 228 697 dum
267 624 373 698 enirn
401 649 443 698 eo
472 625 739 725 pervenimus),
770 625 832 700 aed
866 639 910 700 ut
936 624 1076 702 diversa
1105 625 1151 700 de
1179 653 1221 704 eo

140 743 387 844 popularium,
403 757 478 819 tam
496 747 690 822 amicorum
710 773 821 848 quam
836 748 1076 840 inimicorum,
1093 745 1222 849 judicis
1247 829 1248 838 .

140 880 455 968 cognoscerentur.
482 866 538 941 Sic
555 867 680 944 accidit
695 871 729 944 ei
744 866 841 944 idem
852 868 949 972 quod
965 867 1089 944 multis
1101 883 1139 943 et
1152 867 1223 944 clo-
1337 913 1339 918 ·

142 989 191 1062 ris
208 987 433 1090 antiquitatis
449 987 606 1083 vatibus,
629 1003 674 1064 ut
685 989 730 1064 ab
746 989 821 1064 aliis
835 989 1001 1066 laudibus
1017 989 1061 1064 ad
1075 1015 1224 1090 superos
1343 1063 1349 1102 3

143 1109 275 1202 elutus,
293 1108 341 1182 ab
357 1109 433 1184 aliis
451 1111 554 1212 quasi
570 1112 610 1186 in
626 1125 759 1186 tartara
771 1109 939 1186 detrusus
955 1111 1012 1186 ait.
1042 1111 1225 1187 Hactenus

144 1231 190 1305 de
211 1231 310 1306 illius
341 1232 488 1333 ingenio
519 1245 557 1308 et
590 1231 768 1327 moribus3
801 1257 904 1306 nunc
936 1225 1041 1332 porro
1063 1257 1158 1332 quae
1180 1229 1226 1304 de

145 1353 223 1452 ejus
244 1355 317 1428 vita
338 1353 517 1455 rebusque
539 1367 730 1430 memorata
753 1368 856 1446 sunt,
877 1376 1111 1452 exponemus.

650 1625 726 1708 ss.

195 1838 390 1937 Postquam
399 1835 797 1935 maximsmjuventutis
805 1847 944 1934 partem
954 1833 1050 1907 domi
1060 1845 1097 1904 et
1106 1833 1144 1903 in
1151 1829 1229 1904 Sici·

149 1957 440 2057 bauansegisset
452 1971 496 2031 ut
505 1958 671 2058 apparuit
681 1981 727 2032 ex
741 1957 782 2031 iis
792 1979 887 2057 quae
896 1957 936 2028 in
949 1951 1132 2053 republica
1141 1949 1229 2050 egit,¹

149 2079 342 2152 maturiore
364 2093 478 2174 aetate
499 2105 647 2181 peregre
666 2078 847 2177 profectus
865 2091 930 2152 est.
981 2077 1034 2149 De
1049 2072 1225 2173 Empedo-

151 2199 209 2274 clis
227 2197 418 2274 itineribus
438 2201 552 2276 multa
574 2200 814 2276 commentitia
839 2196 978 2298 prodita
997 2207 1098 2288 sunt,
1116 2193 1231 2270 veluti

151 2320 247 2422 quod
258 2321 298 2393 in
310 2320 496 2397 Orientem
510 2321 692 2423 profectus
704 2345 789 2394 cum
802 2319 912 2418 Magis
923 2331 1084 2395 versatus
1092 2317 1137 2388 sit
1151 2321 1230 2385 ¹0⁵:

152 2467 245 2544 quse
258 2443 415 2516 narratio
427 2441 648 2519 hauddubie
660 2437 1230 2539 exillamsgiueopinione,quam

154 2589 260 2663 supra
284 2565 578 2658 memoravimus,
593 2578 688 2656 orta,
707 2562 811 2638 facile
828 2559 929 2636 abiis
944 2557 1077 2633 credits
1097 2555 1232 2655 estqui

155 2708 296 2760 omnem
304 2684 548 2762 abstrusorum
557 2712 681 2764 rerum
690 2679 1126 2788 cognitionemuhoriente
1134 2699 1233 2776 repe·

155 2819 282 2900 terent,
294 2805 379 2881 hinc
389 2807 603 2885 doctissimos
614 2807 848 2910 philosophus,
859 2803 1107 2908 Pythagoram,
1121 2797 1234 2872 Plato·

158 2951 258 3021 uem,
280 2927 384 3024 alios,
405 2929 613 3030 sapientiam
635 2955 738 3006 suam
757 2928 915 3003 hausisse
935 2925 1030 3000 etin
1050 2921 1235 2996 Graeciam

158 3061 392 3149 trsnpcrtasae
423 3052 689 3130 contenderent.
745 3051 844 3146 Quid
873 3070 1067 3123 memorem
1099 3041 1236 3116 lslami·

159 3182 276 3246 tarum
301 3171 534 3271 quorundam
554 3189 754 3250 commenta
775 3168 1036 3259 adserendum,
1052 3161 1238 3262 Empedo-

187 3337 262 3404 (ιώ)
278 3339 375 3392 Plinius
396 3341 461 3394 nist.
480 3344 539 3396 Nat.
560 3343 648 3406 XXX,
674 3359 703 3396 rs
726 3339 943 3399 animadverto,
960 3347 1085 3387 minanam
1103 3329 1239 3382 literarum

158 3425 299 3482 casuum
318 3429 478 3501 gloriamque
495 3447 529 3484 ex
545 3449 576 3484 ea
593 3431 698 3484 scientia
715 3431 836 3500 (magice)
848 3424 991 3496 antiquitus
1003 3429 1031 3474 et
1041 3435 1124 3490 paene
1137 3433 1239 3488 semper

158 3517 271 3584 petimus.
286 3519 366 3572 Certe
378 3517 551 3588 Pythagoras,
566 3519 749 3590 Empedocles,
769 3517 945 3578 Democritus,
959 3511 1047 3569 Plato,
1066 3507 1100 3562 sd
1109 3507 1178 3560 banc
1187 3504 1240 3560 dis·

159 3605 265 3660 cendam
286 3607 457 3676 navigavere.
482 3609 576 3679 exsiliis
598 3610 686 3664 verius
710 3625 789 3680 quam
811 3598 1064 3677 peregrinationibus
1087 3593 1239 3665 susceptis.”

158 3693 252 3748 Plinius
275 3705 385 3751 sudore
409 3697 517 3752 fortasse
533 3715 596 3752 usus
614 3707 654 3752 est
670 3700 825 3769 Hermippo,
845 3711 923 3768 quens
939 3687 1028 3762 psello
1048 3693 1108 3739 suto
1125 3685 1189 3737 dicit
1207 3681 1240 3736 de

163 3791 215 3838 tots
242 3801 275 3838 es
294 3795 352 3840 arte
372 3785 562 3854 ffiligeudssime
586 3790 725 3860 scripsisse.
757 3787 833 3842 Idem
852 3786 885 3840 de
905 3773 995 3836 iisdem
1012 3781 1140 3831 memorat
1155 3771 1245 3826 Philo·

163 3881 258 3929 stratus
270 3876 322 3930 Vrt.
338 3877 458 3948 Apollon.
468 3881 491 3941 l,
501 3895 526 3934 a.
538 3897 566 3950 p.
579 3879 603 3944 3,
617 3895 773 3951 quamquam
785 3895 802 3930 a
812 3875 911 3946 magius
922 3871 1030 3926 crimine
1041 3881 1085 3920 eos
1095 3859 1242 3916 defendens.

164 3965 309 4018 Philostrati
325 3965 396 4019 diets
414 3968 495 4034 tangit
510 3969 634 4024 Eusebius
654 3969 711 4024 adr.
736 3959 883 4022 Hieroclem
904 3981 929 4034 p.
951 3961 998 4022 blac
1011 3959 1049 4018 u;
1073 3951 1103 4005 cl·
1116 3949 1248 4004 Sublatis

166 4050 350 4116 'Aeolidem
365 4058 496 4116 Τυανεύς.
602 4039 606 4046 ¹
