2958 4822
270 359 307 420 ti
657 369 704 416 on
726 367 941 414 mnnocnas

266 539 500 611 minaverant.
548 535 664 606 Etiam
695 558 818 606 rerum
848 531 1068 605 naturalium
1095 529 1327 629 cognitionem

267 665 306 734 in
327 656 439 732 Sicilia
463 669 499 729 et
524 654 704 754 Agrigenti
728 651 861 728 cultam
886 679 961 726 eece
980 665 1084 726 testeo
1106 665 1191 726 cunt
1210 651 1327 724 Acaon

265 797 303 858 et
329 779 535 870 Pausanias,
564 773 784 873 Empedoclis
819 773 1003 875 naqades,
1030 775 1095 875 qni
1122 786 1257 847 antam
1288 774 1328 844 in

267 901 400 976 medica
422 913 496 972 arte
517 896 634 997 adepti
654 911 741 972 cunt
759 893 1017 986 celebritatem,
1034 909 1078 967 nt
1093 896 1198 968 ctiam
1215 891 1330 966 medi·

266 1047 390 1098 corum
417 1021 584 1094 lactiouea
604 1017 650 1091 ab
676 1017 743 1091 iltis
765 1018 938 1115 caigincm
959 1015 1129 1090 duxcoint
1148 1024 1204 1085 ⁸⁴.
1251 1015 1330 1088 Dc-

267 1145 396 1242 niquc‚
416 1155 459 1215 ut
481 1139 549 1214 hoc
565 1139 672 1213 etiam
687 1163 897 1229 memorem,
920 1135 1065 1212 sublatis
1085 1135 1257 1237 tyrannis,
1272 1157 1331 1206 re-

267 1265 387 1337 stituta
404 1261 546 1334 libeatac
562 1258 785 1360 eloquentiae
807 1283 953 1359 quoque
971 1256 1130 1332 studium
1150 1255 1331 1344 exdtavit,

266 1409 382 1483 qaae,
403 1407 520 1482 qaum
550 1380 657 1454 Siculi
672 1381 815 1478 ingenio
828 1393 945 1453 essent
965 1379 1060 1452 acuti
1079 1391 1117 1451 et
1132 1375 1256 1474 lepidi,
1273 1373 1334 1447 hic

267 1505 425 1604 primum
442 1503 620 1576 artificiose
637 1500 806 1576 elaborari
821 1514 960 1599 coepta,
977 1513 1015 1574 et
1027 1499 1216 1573 rhetorices
1231 1497 1334 1570 initia

268 1627 414 1699 inventa
444 1637 551 1717 aunt,
584 1649 678 1724 quae
709 1645 765 1696 are
792 1621 958 1721 deinceps
984 1647 1006 1696 e
1034 1619 1149 1695 Sicilia
1176 1618 1336 1692 Athenae

268 1745 432 1818 maslaco
462 1753 591 1818 eom.
638 1744 720 1817 lam
757 1746 911 1820 veroin
937 1743 999 1817 tali
1022 1743 1115 1818 urbe
1142 1755 1252 1842 atque
1273 1739 1337 1812 tali

268 1879 475 1963 tempestate
495 1864 673 1939 doctrinae
694 1863 819 1940 studiis
845 1864 1030 1956 effluente,
1056 1863 1265 1938 adolescenti
1284 1861 1339 1934 al-

269 1985 366 2058 tioris
381 1984 506 2058 indolis
521 1985 677 2061 discendi
694 1987 810 2086 copias
826 1984 923 2060 haud
943 1984 1114 2077 defuitne,
1130 1981 1233 2058 facile
1251 2007 1338 2079 pcc-

269 2107 426 2206 cpicitur.
475 2107 574 2180 Num
602 2107 860 2201 dubitandum,
887 2107 1137 2208 Empedoclem
1164 2106 1235 2204 jam
1255 2131 1339 2178 ma·

270 2243 375 2320 turc,
407 2226 710 2328 Pythagoreorum
740 2229 902 2329 exemplo
939 2243 1174 2320 commotum,
1205 2226 1341 2325 praeci·

271 2375 344 2448 pua
371 2348 513 2423 illorum
546 2349 591 2424 dc
616 2349 746 2424 natura
769 2349 999 2451 motibusque
1019 2349 1145 2449 placite
1168 2361 1344 2448 gustasse,

271 2483 430 2544 mentem
452 2471 497 2543 ad
511 2471 773 2547 reconditarum
787 2497 913 2546 rerum
927 2471 1256 2569 contemplationem
1274 2493 1344 2566 ap·

271 2589 455 2689 plicatione,
488 2590 677 2689 ingenium
699 2607 736 2665 ct
756 2593 916 2692 linguam
935 2605 1012 2666 arte
1032 2593 1213 2681 formasse,
1236 2589 1342 2663 deni·-

272 2735 347 2810 quc
369 2711 525 2783 tinctum
544 2735 619 2785 esce
640 2712 896 2788 adolescentem
917 2714 959 2786 iis
981 2713 1115 2788 artibus
1136 2729 1173 2789 ct
1190 2709 1343 2811 discipli·

274 2835 351 2926 nis,
377 2829 511 2933 milano
541 2835 597 2906 vir
623 2834 738 2908 factus
764 2834 957 2910 inclaruit?

306 3053 365 3122 (34)
383 3055 414 3108 In
425 3065 566 3126 utramque
579 3055 699 3110 seruatur
709 3058 869 3126 Empedoclis
879 3059 1067 3128 cpignmmata.
1084 3057 1219 3110 Praetuca
1226 3056 1350 3124 legendo»

275 3146 308 3196 dc
319 3143 401 3196 altero
413 3144 523 3200 ninius,
536 3146 600 3197 ilict.
612 3148 670 3198 Nat.
683 3149 780 3210 XXIX,
790 3146 805 3199 3
815 3148 947 3216 (Bipoot),
959 3147 1021 3199 hacc
1034 3146 1160 3200 acribcne:
1179 3147 1350 3222 adiunctio,

277 3231 320 3295 (ab
331 3233 511 3302 cxpeaimcntia
524 3235 705 3302 cognominant
715 3236 872 3306 Empiaiccn)
884 3236 970 3306 coepit
982 3238 1007 3287 in
1021 3235 1106 3288 Sicilia
1117 3239 1216 3289 Acrone
1229 3238 1350 3302 Agrigen-

279 3323 353 3381 tino.
372 3321 533 3392 Empedocli·
550 3322 1027 3394 phyonieneannnaeconnendatnl‘
1054 3327 1126 3382 idem
1136 3325 1351 3380 landaturaPin·

278 3411 381 3474 tarcian,
391 3414 427 3464 la.
439 3421 466 3464 ct
478 3395 543 3464 Onia.
555 3414 611 3466 Vol.
622 3415 686 3478 vu,
699 3433 727 3485 p.
739 3417 797 3470 506.
807 3415 892 3470 Iteiak.
927 3419 966 3472 Dc
978 3417 1060 3472 altero
1073 3418 1184 3472 Gcieoua
1195 3417 1350 3484 timpena.

279 3501 306 3552 1,
322 3503 347 3564 1,
361 3501 406 3572 qui
417 3510 469 3554 trec
483 3501 641 3555 medicorum
654 3503 745 3557 chonca
757 3515 892 3564 numerat,
906 3508 1241 3571 cooa,cnidioa.1nlinoa;
1259 3507 1307 3558 acl
1325 3505 1352 3556 ci

279 3595 309 3643 ἐκ
323 3599 370 3660 τῆς
382 3589 506 3652 Ἰταλίας
518 3597 627 3664 ἰατροὶ,
641 3599 787 3650 Φιλιστίων
797 3601 844 3649 acl
853 3597 1049 3668 Ἐμπεδοκλῆς
1063 3601 1110 3650 zoi
1121 3599 1291 3666 Παυσανίας,
1304 3599 1353 3649 nal

280 3687 307 3736 ci
323 3685 427 3736 τούτων
443 3687 557 3754 ἑταῖροι.
584 3687 622 3740 Cl.
643 3688 750 3753 sntdaa,
767 3699 794 3743 ct
813 3691 981 3756 Moagitcrina
1006 3689 1069 3742 liibl.
1091 3691 1140 3744 sic
1159 3692 1187 3742 iu
1203 3706 1246 3744 vv.
1268 3689 1352 3742 Stura.

280 3793 305 3845 p.
325 3775 365 3839 67.

313 3864 370 3932 (35)
392 3865 448 3916 i'id.
464 3867 567 3930 Cicero,
579 3870 649 3919 Brut.
662 3885 684 3919 c.
699 3885 735 3920 aa.
760 3869 798 3922 lio
818 3877 935 3939 tempore
956 3870 1033 3924 Siculi
1045 3871 1166 3925 Comei
1177 3869 1257 3924 Tisias
1278 3867 1355 3939 primi

280 3955 381 4009 dicendi
398 3955 512 4023 magistri
521 3965 549 4010 et
559 3957 653 4008 artium
663 3959 802 4027 acciptorca
813 3959 983 4024 caatitcruotp
997 3961 1030 4014 dc
1041 3960 1134 4031 quibua
1145 3959 1229 4026 1ch
1240 3962 1353 4012 Wcatcr·

282 4063 366 4098 mano.
378 4044 465 4100 Geacln
480 4045 506 4096 d.
521 4047 681 4100 Bercdaamk.
710 4049 767 4099 Vol.
777 4053 796 4110 1.
811 4066 838 4117 p.
847 4047 878 4100 35
889 4066 943 4120 sqq.
