2968 4838
639 373 688 418 DE
708 371 928 419 numnoctts..

268 1408 271 1414 “
291 1391 370 1468 Jam
390 1417 534 1468 omnem
554 1387 774 1490 Empedoclis
800 1391 972 1463 rationem
994 1389 1038 1464 de
1061 1387 1169 1464 rebus
1189 1389 1319 1466 divinis

245 1518 502 1615 humanisque,
528 1516 637 1614 ipsius
662 1511 854 1612 (quantum
878 1509 994 1609 licuit)
1017 1513 1162 1610 vestigio
1184 1515 1316 1602 secuti,

242 1635 490 1736 explicuimus.
542 1637 645 1726 Quae
674 1631 821 1734 quidem
855 1646 983 1704 cuncta
1010 1633 1129 1704 animo
1154 1659 1315 1732 compre-

240 1755 401 1830 hendens
424 1755 507 1856 quis
531 1757 570 1827 in
597 1755 656 1826 illo
676 1755 805 1826 mentis
826 1751 1031 1843 elationem,
1054 1753 1186 1852 ingenii
1215 1754 1313 1828 soler-

240 1879 342 1968 tiam,
363 1875 482 1974 judicii
505 1899 676 1968 acumen,
698 1899 772 1947 uno
794 1871 917 1966 verbo,
939 1877 1020 1976 quis
1039 1879 1180 1974 potitam
1201 1873 1315 1974 philo-

241 1997 393 2096 sophum
416 1997 454 2068 in
471 1995 529 2069 illo
554 2019 626 2067 non
652 1991 832 2092 agnoscit?
858 1995 932 2086 Qui
951 1995 1077 2070 mundi
1097 1995 1314 2094 principium

239 2117 342 2189 finxit
362 2116 449 2204 tale,
471 2118 508 2188 in
530 2143 603 2216 quo
622 2129 713 2189 esset
735 2141 808 2189 una
830 2131 866 2190 et
885 2117 1041 2214 perfecta
1064 2119 1227 2189 omniurn
1248 2141 1314 2188 na-

240 2252 405 2311 turarum
426 2236 622 2335 complexio
637 2251 673 2310 et
689 2236 889 2338 harmonia3
909 2239 974 2338 qui
997 2263 1120 2312 rerum
1140 2231 1313 2312 elementa

229 2359 420 2433 ,constituit
441 2384 503 2450 ea,
516 2383 613 2458 quoe
633 2383 758 2430 omnes
779 2373 968 2458 sequentes
990 2373 1120 2432 aetates
1141 2357 1311 2460 approba·

240 2491 347 2570 runt,
374 2483 439 2578 qui
460 2505 597 2551 caussas
627 2491 808 2550 moventes
830 2480 949 2576 posuit
974 2478 1078 2568 tales,
1097 2505 1191 2576 quae
1215 2477 1321 2552 latis-'

240 2601 326 2672 sime
350 2613 445 2672 certe
466 2625 531 2698 per
554 2601 769 2674 universum
791 2599 970 2674 mundum
991 2613 1131 2698 patent3
1154 2599 1236 2699 qui,
1260 2625 1313 2672 re·

241 2721 329 2817 jecto
364 2746 494 2813 vocuo,
529 2746 697 2819 pororum
733 2721 906 2794 rationem
937 2718 1099 2808 induxit,
1131 2745 1197 2817 per
1226 2749 1314 2822 quos

240 2843 356 2912 omnia
398 2842 437 2912 in
479 2865 516 2914 se
556 2842 709 2914 invicem
748 2855 864 2939 agant.
929 2839 992 2912 His
1026 2865 1110 2914 vero
1138 2841 1314 2941 principiis

239 2975 477 3060 congruenter
521 2961 676 3060 singulas
715 2975 864 3035 naturae
907 2987 962 3035 res
1000 2959 1194 3060 explicuit,
1236 2961 1314 3036 lioet

239 3079 343 3178 {dura
365 3081 625 3180 perminus,
650 3081 765 3156 multa
782 3095 902 3156 tamen
921 3083 1075 3180 egregie,
1099 3081 1199 3156 velut
1222 3109 1313 3183 quoe

239 3200 285 3273 de
304 3202 489 3302 voluptate
510 3217 547 3275 et
568 3201 706 3294 dolore,
730 3227 823 3302 quae
844 3201 890 3276 de
910 3202 1090 3296 sensibus,
1111 3205 1316 3301 praesertim

238 3321 283 3398 de
322 3323 421 3414 visu,
455 3325 639 3422 exposuit,
671 3349 828 3424 quorum
858 3349 984 3424 magna
1012 3351 1094 3422 pars
1124 3352 1144 3397 a
1169 3323 1315 3398 Platone

239 3445 463 3546 summisque
485 3443 698 3544 philosophis
719 3443 942 3543 comprobata
964 3459 1030 3518 est.
1066 3443 1175 3537 Quod
1194 3459 1316 3520 autem

103 3599 108 3610 ·
238 3565 285 3638 ad
309 3563 470 3642 divinam
501 3579 667 3638 naturam
692 3566 841 3660 attinet,
867 3566 932 3638 etsi
959 3563 1162 3664 hujus'vim
1186 3591 1314 3665 parum

239 3689 441 3786 perspexit,
462 3711 605 3788 neque,
627 3703 670 3761 ut
691 3690 934 3788 Anaxagoras,
957 3701 1148 3760 mentem
1174 3689 1315 3786 agnovit

238 3831 313 3880 esse
347 3807 475 3906 agendi
508 3807 750 3908 movendique
778 3808 1015 3908 principium,
1053 3821 1173 3882 tamen
1205 3833 1315 3908 pram

237 3926 410 4001 divinitus
450 3927 497 4001 de
531 3927 598 4002 deo
637 3927 756 4030 deque
794 3929 996 4002 animarum
1035 3929 1171 4028 origine
1204 3929 1313 4001 canit!

238 4044 397 4124 Multum
420 4062 541 4121 autem
570 4047 805 4149 disceptatum
832 4064 903 4144 est,
929 4051 966 4122 in
993 4075 1066 4150 qua
1088 4049 1314 4152 philosopho-
