2968 4838
548 361 788 412 ruuooorura.
1142 352 1200 414 ⁵11

127 529 221 604 clem
249 553 324 602 nou
353 543 510 626 putasse,
541 542 681 627 praeter
714 528 780 602 alia
812 527 970 604 indicant
992 553 1116 604 rersru
1139 529 1205 620 illi,

128 651 265 750 quibus
284 648 470 750 vulgarem
494 650 698 748 opinionem
716 649 940 748 putantium,
956 649 1116 726 homines
1131 655 1209 750 pri-

129 797 285 872 usquam
313 772 388 844 nati
414 785 534 845 essent
559 785 596 844 et
624 783 812 871 postquam
836 771 1015 863 exstincti,
1039 797 1113 846 non
1135 798 1209 848 esse

130 892 294 976 omnino.
330 893 456 966 acriter
493 893 652 992 increpat
684 901 738 962 ³¹.
788 893 886 986 Quid
921 891 1032 990 igitur
1065 919 1210 970 manere

130 1013 280 1088 censet'l
304 1040 377 1087 non
400 1013 565 1113 spiritum
593 1014 771 1111 profecto,
792 1017 865 1088 non
884 1016 1113 1114 sangninem,
1137 1041 1211 1090 non

130 1159 205 1208 ossa
239 1133 340 1230 (haec
369 1136 466 1209 enim
498 1133 700 1234 diffluunt),
720 1137 781 1210 sed
805 1137 880 1212 rim
903 1135 1019 1228 illam,
1046 1135 1212 1235 qualem-

131 1280 291 1356 cumque
319 1255 516 1356 putaverit,
548 1283 659 1357 quam
692 1271 851 1332 mentem
877 1280 1064 1348 vocamus,
1089 1255 1209 1333 divina

132 1375 241 1474 stirpe
263 1375 468 1469 oriundam,
488 1379 526 1448 in
549 1391 660 1452 terras
680 1377 852 1477 dejectam
872 1391 908 1450 et
928 1378 1066 1450 circum
1085 1402 1212 1477 corpo-

132 1523 170 1570 ra
188 1495 353 1570 oberrare
369 1511 540 1591 coactam3
554 1498 664 1590 hanc,
681 1497 866 1572 diffluente
887 1521 1049 1598 corpore,
1067 1523 1213 1572 manere

133 1633 168 1692 et
192 1631 375 1691 aeternam
397 1643 472 1692 esse
493 1617 640 1692 credidit
656 1633 711 1690 ³².
761 1618 845 1693 Ideo
865 1617 1012 1720 quidam
1034 1617 1213 1692 existima-

133 1753 241 1830 runt,
272 1737 523 1842 Empedoclem
548 1753 707 1814 mentem
739 1754 776 1846 et
806 1740 1032 1814 intellectum
1058 1739 1214 1816 induas

133 1859 235 1955 quasi
254 1871 370 1957 partes
386 1858 563 1950 divisisse,
579 1859 726 1934 alteram
746 1887 951 1960 corpoream
970 1875 1008 1934 et
1027 1859 1216 1954 caducum,-

134 1979 280 2054 alteram
297 1977 460 2059 divinam
473 1995 509 2056 et
523 1981 761 2060 immortalem
775 1990 832 2053 ³³.
864 1983 974 2056 Nimis
991 1981 1093 2056 docte
1110 1981 1210 2056 illud.

297 2183 304 2198 .
518 2180 526 2199 .
591 2154 698 2199 cunctas
717 2163 759 2199 res
776 2154 881 2199 vortere
901 2163 969 2200 seeo:

298 2235 413 2288 Vortunt
433 2253 461 2288 se
481 2235 569 2292 duriei
589 2236 616 2288 in
633 2235 762 2300 frondeis,
785 2245 812 2290 et
832 2236 927 2306 pabrsia
948 2237 1015 2290 laeta

298 2327 330 2377 In
353 2324 478 2394 pecudes;
503 2333 613 2377 vortunt
634 2326 747 2395 pecudes
770 2327 798 2378 in
821 2343 932 2396 corpora
954 2335 1044 2379 nostra

298 2417 445 2473 Naturam.
465 2422 492 2468 et
515 2421 606 2466 nostro
626 2413 659 2466 de
685 2431 795 2486 corpore
815 2431 891 2484 saepe
909 2415 1023 2467 terarum

300 2511 446 2574 tumeant
464 2507 533 2560 vires
556 2514 583 2560 et
602 2521 716 2576 corpore
737 2507 963 2577 pennipotentum

168 2604 226 2672 (31)
246 2600 304 2654 ilid.
324 2598 429 2668 Emped.
451 2613 500 2652 res.
520 2595 640 2650 sto-35³.
735 2593 738 2602 “

169 2695 230 2758 (ia)
247 2693 289 2744 ste
308 2691 400 2760 accipit
418 2687 573 2740 Plutarchus
590 2687 623 2738 de
639 2685 716 2738 Exeil.
731 2704 756 2756 p.
777 2686 843 2749 607,
862 2686 917 2738 Vol.
930 2687 1009 2748 vlu,
1029 2703 1052 2754 p.
1067 2685 1133 2754 3962
1153 2687 1167 2736 ὅ
1186 2689 1213 2771 ⁴¹}

138 2785 227 2851 Ἑμπε
246 2787 275 2836 ἒν
288 2785 362 2852 ἀρχῇ
370 2788 419 2850 τῆς
430 2781 587 2843 φιλοσοφίας
602 2783 849 2847 προαναφωνήσας,
863 2775 978 2830 »Ἔστιν
992 2779 1110 2846 ἀνάγκης
1125 2787 1218 2850 χρῆμα

139 2917 146 2930 .
174 2917 184 2934 .
213 2916 219 2929 .
248 2912 256 2930 .
282 2879 368 2944 euriae
382 2873 495 2930 osten
515 2875 564 2926 sel
586 2869 706 2940 ἀλήτης”
724 2873 774 2936 (νε.
798 2877 866 2934 1-7),
892 2871 944 2940 οὐχ
971 2872 1071 2926 iureis
1091 2871 1151 2924 ἀλλ’
1169 2875 1216 2936 ἀφ’

138 2971 240 3024 ἑαυτοῦ
265 2973 371 3029 πάντας
398 2970 578 3022 ἀποδείκνυσι
606 2965 782 3029 μεταναστὰς
808 2963 938 3016 ἐνταῦθα
969 2967 1017 3014 eol
1045 2967 1137 3026 ξένους
1171 2971 1219 3020 sal

139 3065 267 3131 φυγάδας
277 3066 348 3132 ἡμᾶς
361 3061 451 3122 ὄντας·
463 3060 494 3113 od
507 3065 559 3131 γὰρ
575 3057 642 3125 αἷμά
651 3055 754 3127 (φησιν)
766 3059 833 3124 ἡμῖν
847 3057 913 3111 salet
926 3062 1038 3122 πνεῦμα
1050 3057 1218 3126 συγκραθὲν,

140 3143 160 3206 d
175 3157 334 3226 ἄνθρωποι,
349 3163 441 3226 ψυχῆς
457 3155 552 3207 caleias
569 3155 616 3206 sel
632 3153 721 3222 ἀρχὴν
735 3151 892 3219 copiolas,
908 3148 970 3202 ἀλλ’
982 3153 1010 3201 ἐν
1024 3149 1129 3202 τούτων
1144 3151 1220 3215 σῶμα

139 3250 366 3316 συμπέπλασται,
394 3249 507 3318 repperit
532 3251 580 3300 ersi
602 3246 719 3314 θνητόν,
744 3243 806 3294 sal..
848 3241 1079 3296 Immortalem
1104 3242 1220 3295 animum

139 3341 258 3398 statuisse
268 3341 452 3410 Empedoclem
462 3340 553 3395 meant
565 3339 661 3392 tostin.
673 3337 752 3391 ttart.
765 3333 870 3416 Apolog.
882 3333 923 3394 11,
935 3347 960 3402 p.
974 3329 1008 3383 65
1022 3335 1053 3395 Βς
1063 3331 1220 3387 Theodorou

140 3429 250 3499 Ther-ap.
282 3429 363 3482 Serm.
393 3431 423 3479 V.
459 3429 506 3481 atti
526 3430 632 3489 solunt,
653 3441 712 3479 eum
735 3423 954 3477 immortalitatem
977 3421 1037 3474 solis
1062 3421 1221 3492 sapientibus

141 3517 295 3579 vindicasse,
311 3525 342 3569 ut
359 3515 468 3571 Tertull.
485 3515 519 3568 de
538 3519 643 3575 Anima,
663 3534 685 3568 c.
707 3513 746 3577 tt.
780 3511 905 3566 stobaeus
925 3511 988 3562 Ecll.
1008 3511 1081 3579 Phys.
1101 3513 1131 3574 1,
1149 3526 1174 3560 c.
1196 3508 1221 3569 3,

142 3625 167 3677 p.
187 3609 219 3659 ea
238 3611 328 3678 (quem
349 3607 436 3658 locum
456 3607 529 3674 attigi
550 3623 575 3676 p.
594 3605 656 3670 335,
674 3613 728 3657 not.
749 3603 806 3670 75)=
829 3605 877 3654 acl
896 3607 980 3663 θείας
997 3603 1048 3666 μὶν
1066 3603 1158 3655 οἴεται
1174 3604 1222 3658 τὰς

142 3702 250 3768 ψυχὰς,
271 3703 370 3758 θείους
392 3698 424 3752 dl
450 3700 498 3749 sol
524 3697 587 3756 τούς
606 3700 778 3766 μετέχοντας
799 3695 890 3748 αὐτῶν
914 3698 1057 3766 καθαροὺς
1079 3698 1220 3764 καθαρῶς.

144 3793 267 3860 spectare
289 3791 390 3864 ridetur
408 3777 570 3858 Empedoclls'
585 3805 622 3840 rs.
643 3787 707 3850 ³54:
722 3789 815 3854 ὄλβιος
825 3791 949 3848 isesias
959 3790 1018 3840 ael..
1052 3789 1122 3839 liaeo
1134 3795 1222 3838 autem

144 3880 230 3931 omnia
249 3879 378 3940 indicant,
398 3877 579 3947 Empedoclem
599 3875 632 3928 de
656 3877 705 3930 hoc
725 3879 836 3934 obscure
857 3881 943 3950 potius
966 3879 1119 3947 significasse
1144 3893 1222 3950 quam

143 3977 235 4038 aperte
256 3968 381 4020 docuisse.

176 4058 234 4126 (33)
256 4057 314 4110 vid.
330 4057 398 4111 Sext.
419 4057 516 4127 Empir.
537 4057 593 4110 adr.
616 4059 698 4110 Malla.
718 4059 784 4110 vll.
811 4077 855 4112 raa
867 4093 875 4124 ‚·
894 4059 940 4112 ubi
959 4059 1123 4126 distinguitur
1146 4059 1224 4128 λόγος
