2958 4822
516 405 598 454 vrrs
621 407 667 454 nr
689 405 830 454 sununs.
1164 389 1201 448 51

186 571 314 644 Addita
342 583 395 643 est
420 570 572 642 narratio
596 569 641 644 de
662 573 908 670 λογοκλοπίᾳ,
930 571 1037 644 relata
1058 593 1207 669 quoquc

139 725 157 768 a
188 690 353 770 Neenthe
379 691 565 793 Cyniceuo,
596 694 661 792 qui
687 693 783 768 idem
809 692 946 768 crimen
976 693 1083 766 etiam
1111 689 1206 762 Phi-

138 814 221 888 lolao
247 814 402 911 imputat
421 823 499 883 ¹⁴²:
522 815 609 908 φησὶ
632 811 669 891 δὲ
694 816 859 911 Nimiae,
878 817 991 892 refert
1011 815 1205 914 Diogenes,
1270 797 1276 810 ’

136 936 182 1012 δτι
204 936 311 1035 μέχρι
330 932 495 1010 Φιλολάου
518 937 574 1012 aul
594 934 853 1032 Ἐμπεδοκλέους
872 936 1048 1014 ἐκοινώνουν
1077 940 1108 1010 οἱ
1131 945 1204 1010 Πυ-

137 1057 297 1157 θαγορικοὶ
320 1061 382 1132 τῶν
407 1057 545 1156 λόγων·
576 1057 648 1160 ἐπεὶ
667 1057 714 1156 δὲ
745 1061 843 1142 αὐτὸς
868 1055 1122 1156 (Ἐμπεδοκλῆς)
1148 1052 1204 1130 δεδι

137 1185 187 1272 τῆς
209 1177 366 1270 rodatur
383 1176 614 1276 ἐδημοσίωσεν
634 1183 744 1275 mich,
763 1182 856 1279 νόμον
877 1179 982 1258 ’ἔθεντο
1005 1175 1117 1275 μηδενὶ
1143 1203 1205 1272 με·

136 1302 287 1381 sadduco
313 1301 474 1400 ἐποποιῷ.
532 1303 722 1378 Caeterum
753 1329 863 1405 quem
899 1299 1204 1404 Pythagoreorum

136 1425 360 1526 Empedocles
386 1423 584 1520 audiverit,
611 1425 790 1500 Neanthes
815 1451 888 1500 non
914 1423 1028 1517 dixit,
1049 1435 1093 1495 ut
1115 1419 1205 1492 Dio-

135 1573 235 1646 genes
270 1559 380 1621 notat.
432 1545 501 1618 lata
535 1561 658 1621 autem
694 1548 868 1642 narratio,
897 1544 1203 1646 Pythagoreorum

135 1665 325 1740 doctrinm
355 1666 498 1741 abillis
531 1695 596 1768 per
628 1671 770 1742 furtum
791 1667 1028 1769 divulgatam,
1051 1663 1202 1762 ideoque

134 1787 217 1884 ipsos
241 1786 400 1862 sodalitio
421 1789 581 1864 exclusos
608 1815 683 1863 esse
706 1799 784 1882 ¹⁴³,
805 1813 916 1889 quam
938 1785 1051 1860 futilis
1072 1785 1117 1857 sit
1139 1783 1205 1854 ha-

133 1905 262 2000 benda,
295 1935 341 1982 ex
364 1909 430 1984 hoc
452 1909 602 2010 judicari
625 1923 756 2010 potest,
790 1908 887 2010 quod
914 1903 1136 2004 Empedoclis
1167 1917 1205 1975 et

133 2027 275 2102 Philolai
296 2045 410 2104 aetate
428 2029 729 2132 Pythagoreorum
744 2032 906 2105 instituta
927 2043 964 2102 et
979 2026 1106 2126 placita
1124 2048 1216 2098 non.
1291 2035 1295 2050 '

133 2150 281 2249 amplius
296 2177 423 2225 arcana
439 2165 560 2243 erant,
576 2165 612 2226 et
627 2151 736 2250 quod,
753 2165 893 2225 mortuo
910 2145 1107 2250 Pythagord
1124 2155 1202 2235 ¹⁴⁴,

132 2269 258 2344 sodales
292 2270 438 2370 dispersi
473 2285 510 2344 et
542 2271 690 2345 sodalitii
723 2273 803 2372 jura
834 2271 969 2346 sublata
992 2283 1091 2343 sunt:
1116 2288 1199 2363 ergo

131 2389 189 2464 nbi
221 2391 347 2466 nullus
379 2406 454 2465 erat
487 2396 686 2468 communis
706 2419 908 2485 consessus,
928 2390 1070 2465 excludi
1094 2412 1199 2461 nemo

131 2513 255 2608 potuit.
306 2513 463 2589 Fabulae
489 2513 556 2589 hae
583 2530 684 2601 sunt,
711 2529 835 2607 natac,
858 2527 901 2587 ut
926 2511 1013 2585 mihi
1039 2509 1200 2596 videtur,

131 2657 149 2704 e
170 2636 406 2733 posteriorum
427 2633 750 2736 Pythagoristarum
772 2633 935 2728 cerebro,
958 2633 1023 2735 qui
1045 2629 1197 2704 studiose

131 2779 269 2853 operam
281 2755 366 2830 darc
375 2756 865 2859 solebant,uththagoricam
878 2755 1097 2855 disciplinam
1108 2777 1199 2850 mys-

131 2877 298 2950 teriorum
324 2876 458 2951 nebulai
482 2877 722 2972 involverent,
746 2905 819 2979 quo
844 2878 982 2952 facilius
1008 2874 1073 2946 hac
1094 2871 1198 2971 quasi

131 2997 316 3070 sanctitatis
335 2999 451 3096 specie
472 3025 573 3072 suam
596 2997 795 3072 nuditatem
819 2997 1070 3096 levitatemque
1095 3007 1198 3089 tege-

131 3134 216 3192 rent.
269 3122 371 3212 Quae
389 3121 536 3221 quidem
555 3135 753 3195 commenta
773 3135 915 3194 tantum
934 3118 1030 3192 abest
1048 3129 1091 3187 ut
1110 3111 1197 3184 duo-

130 3263 208 3314 rum
243 3240 386 3315 illorum
423 3244 634 3342 scriptorum
667 3244 873 3316 auctoritate
904 3239 1120 3328 fulciantur,
1155 3245 1198 3306 ut

132 3362 249 3457 potius
281 3362 414 3436 iudicio
452 3365 538 3458 sint,
579 3361 654 3436 illos
687 3377 822 3436 temere
854 3361 1036 3435 interdum
1068 3355 1197 3429 fabulis

131 3481 332 3579 credidisse;
356 3512 428 3585 qua
450 3485 494 3558 de
517 3510 556 3558 re
579 3497 734 3584 uterque
751 3483 821 3581 jam
844 3511 864 3556 a
886 3479 1099 3584 gravissimis
1121 3477 1196 3550 his-

161 3698 229 3766 (ria)
246 3699 304 3750 vid.
314 3699 421 3766 Diogen.
432 3699 514 3762 vm,
529 3696 575 3756 st.
593 3705 620 3752 et
630 3696 727 3750 Endos.
742 3716 768 3768 p.
782 3699 835 3769 169

162 3811 231 3876 (rii)
247 3811 357 3880 Euploea
368 3809 432 3862 lucc
444 3812 493 3877 jam
505 3810 539 3862 ab
550 3810 614 3862 aliie.
641 3809 691 3862 vu
702 3810 800 3864 uertet
812 3811 840 3862 in
852 3811 961 3864 Fabricii
974 3809 1035 3864 tibi.
1048 3809 1089 3860 Gr.
1102 3807 1160 3858 Vol.
1172 3809 1206 3869 1,·

132 3913 156 3964 r·
168 3899 213 3949 ⁰¹⁰
227 3907 253 3951 et
264 3899 313 3951 ⁸6³
326 3907 379 3950 not
391 3917 433 3959 v,-
452 3899 576 3968 impuno
588 3915 651 3954 vero
663 3897 771 3954 route
783 3898 875 3952 retra.
890 3917 914 3969 p.
929 3899 959 3952 rs
970 3915 1025 3969 sqq.

161 4009 230 4077 (idi)
246 4009 322 4070 Quod
334 4009 428 4062 accidit
444 4008 516 4064 brevi
536 4019 593 4078 post
609 4011 755 4076 incendium
774 4011 950 4080 Cyloniorum,
964 4011 1033 4082 quod
1047 4011 1141 4062 lartum
1155 4017 1191 4061 cat

137 4111 181 4146 ooo
193 4099 272 4152 multo
285 4108 344 4167 post
357 4101 455 4169 olymp.
466 4101 506 4164 67.

1031 4193 1073 4290 4*
