2952 4836
565 399 805 448 rmnosorum.
1161 385 1223 447 tto

195 572 291 646 llaec
313 565 543 670 Empedocles
567 580 641 640 tam
664 565 709 640 de
730 561 1089 639 ceteris'animalihus
1114 589 1226 663 quum

145 697 194 770 de
217 689 423 766 hominibus
446 689 552 782 dixit,
574 713 667 790 quos
691 689 777 761 item
804 713 825 761 e
854 700 948 760 terra
976 700 1077 760 natos
1102 685 1226 778 finxit,

146 819 235 890 item
269 811 433 914 dispersis
468 811 641 909 principio
678 807 854 882 membris¹
882 807 1073 899 exstitisse,
1112 831 1227 908 eaque

147 952 232 1039 post
261 937 300 1007 iu
333 931 434 1006 solidi
463 931 619 1004 hominis
644 944 812 1004 naturam
839 932 947 1004 coisse
968 937 1047 1002 ¹⁷⁷.
1096 928 1163 1002 Sed
1188 929 1226 1002 in

148 1059 340 1132 hominum
358 1054 496 1154 origine
520 1051 747 1126 describenda
769 1053 872 1126 finxit
896 1065 1092 1151 praeterea,
1114 1075 1136 1122 c
1158 1050 1228 1126 tel-

148 1180 232 1254 lure
256 1191 393 1252 exortos
417 1201 491 1250 esec
517 1173 670 1276 integrus
693 1174 861 1274 quasdem
883 1173 1029 1262 formas,
1050 1198 1140 1272 quus
1162 1197 1228 1246 vo-

151 1315 207 1373 cat
235 1304 360 1378 τῦτους
391 1300 581 1392 οὐλοφυεΐς,
601 1296 704 1370 rudia
726 1295 914 1386 hominum
936 1295 1120 1394 exempla,
1149 1295 1228 1368 sine

150 1421 275 1513 vultu,
302 1421 378 1494 sine
410 1445 514 1511 voce,
549 1421 625 1493 sine
648 1417 722 1492 ulla
755 1417 912 1492 humana
935 1431 1011 1491 arte
1033 1421 1111 1508 ²⁷⁸,
1138 1417 1230 1490 sieut

151 1557 284 1617 statuas
308 1542 447 1614 artificis
465 1567 579 1615 manu
595 1539 758 1614 nondum
776 1539 986 1630 elaboratas3
999 1563 1089 1638 qnos
1105 1542 1228 1620 τΰτους
1315 1517 1320 1526 ’

150 1663 336 1763 paullatim
352 1661 503 1738 Veneris
518 1663 725 1762 praesertim
746 1663 855 1760 operd
880 1659 1039 1736 excultos
1058 1673 1096 1734 et
1119 1687 1229 1734 orna·
1255 1679 1258 1682 ·

151 1801 204 1859 tos
229 1811 314 1862 esse.

201 1907 298 1980 llaec
317 1907 363 1981 de
381 1889 590 1982 animalium
612 1907 770 2008 origine,
792 1933 887 2009 quae
908 1907 936 1983 si
957 1907 1053 1982 inter
1076 1935 1112 1983 se
1130 1933 1229 1981 com·

152 2043 344 2128 parentur,
376 2029 546 2129 distingui
579 2044 727 2129 possunt
753 2043 910 2130 quatuor
936 2029 1049 2104 veluti
1080 2027 1229 2128 gradus,

153 2175 218 2249 per
245 2176 336 2249 quos
366 2151 602 2223 animantium
632 2177 746 2257 genus
775 2177 794 2223 o
820 2151 935 2248 prima
959 2151 1093 2248 origine
1116 2147 1230 2247 pede·

153 2268 284 2344 tectim
304 2271 348 2343 ad
369 2271 626 2369 perfectionem
653 2272 822 2345 excrevit.
872 2269 995 2342 Talem
1021 2272 1058 2341 in
1085 2267 1232 2341 modum

151 2389 318 2464 describit
350 2389 566 2482 Plutarchus
597 2391 636 2464 in
667 2390 827 2483 Placitis,
855 2388 957 2490 cujus
989 2387 1098 2466 verba
1135 2385 1233 2462 haud

152 2511 281 2589 leviter
317 2511 507 2612 depravata
545 2511 596 2585 sic
634 2513 873 2611 corrigantur:
909 2507 1136 2607 Ἐμπεδοκλῆς
1170 2509 1233 2590 τας

153 2631 318 2732 τρῶτας
346 2634 490 2732 γενέσεις
518 2635 581 2708 τῶν
602 2629 686 2728 ζώων
708 2634 765 2708 καὶ
785 2636 899 2729 Φυτῶν
917 2629 1075 2730 μηδαμῶς
1097 2629 1233 2722 ὁλονλῆ-
1256 2731 1259 2736 ¹

154 2783 227 2855 ρους
256 2753 431 2856 γενέσθαι,
456 2753 657 2852 ἀσυμφυέσι
686 2751 723 2832 δε
749 2759 818 2837 τοῖς
842 2759 964 2855 μορίοις
993 2753 1234 2856 διεζευγμένας·

154 2882 219 2962 stu
242 2877 278 2957 δὲ
301 2876 518 2978 δευτέρας,
537 2877 781 2975 συμφυομένων
802 2883 865 2955 τῶν
880 2883 982 2978 μερῶν
999 2876 1235 2974 εἰδωλοφανεῖς·
1288 2911 1291 2917 ·

154 3002 219 3084 τας
243 2999 280 3080 δὲ
306 3005 450 3102 τρίτας
473 3007 535 3079 τῶν
562 3005 719 3099 ὁλοφυῶν·
749 3001 813 3084 vlu
845 3001 884 3080 dl
918 3000 1129 3101 τετάρτας
1161 3004 1237 3077 οὐκ·

155 3127 206 3200 έτν
223 3121 262 3200 ἐν
285 3129 348 3201 τῶν
368 3125 564 3227 στοιχείων,
596 3119 658 3200 οἷον
677 3121 717 3200 ἓν
738 3128 801 3224 γῆς
822 3125 879 3199 κα)
900 3123 1042 3218 altaro,
1074 3123 1169 3200 ἄλλα
1191 3123 1236 3202 δι’

156 3245 310 3338 ἀλλήλων
342 3244 400 3340 ἤδη
423 3257 502 3322 ¹⁷⁹.
557 3249 702 3321 Primo
730 3245 804 3322 loco
832 3229 1059 3322 truncata'et
1082 3247 1237 3347 dispersu

188 3443 263 3510 (¹77)
281 3443 365 3494 Varro
382 3441 451 3512 apud
468 3443 581 3496 Nonium
600 3444 679 3494 More.
698 3459 724 3512 p.
742 3441 804 3506 575:
825 3439 1010 3510 »Empedocles
1029 3449 1105 3492 natos
1123 3439 1237 3491 homines

156 3550 188 3584 ex
207 3541 278 3584 terro
298 3533 348 3594 uit,
365 3539 395 3583 ut
414 3531 533 3584 blitum.”
567 3533 700 3584 Censorio.
718 3533 751 3584 de
762 3531 809 3585 Die
820 3541 875 3584 nat.
894 3548 916 3582 c.
934 3531 964 3593 ίι,
979 3546 1004 3598 p.
1023 3545 1054 3598 ¹9
1072 3545 1109 3600 sq.
1123 3525 1237 3586 Eaverk.

155 3619 290 3674 Plutarch.
310 3623 376 3674 Plac.
396 3619 459 3691 phil.
478 3623 509 3684 V,
535 3624 562 3674 18
581 3621 662 3690 prino.

192 3713 268 3778 (178)
286 3711 345 3763 Vid.
365 3711 472 3781 Emped.
492 3728 541 3762 vso.
563 3708 689 3772 stt-255,
710 3719 737 3762 et
754 3712 898 3765 comment.
918 3727 943 3780 ρ.
963 3709 1011 3762 136
1029 3725 1066 3779 sq.

192 3801 268 3868 (¹79)
284 3800 415 3854 Plutarch.
430 3799 463 3854 de
477 3799 545 3852 Plau.
560 3799 622 3869 phil.
637 3801 670 3860 V,
686 3815 729 3868 ¹9;
747 3801 780 3852 cl.
795 3801 882 3853 Galen.
896 3801 961 3853 niu.
975 3797 1039 3873 phil.
1047 3797 1157 3858 XXXV,
1165 3812 1191 3866 p.
1201 3793 1241 3848 55.

159 3889 231 3941 Duas
245 3891 351 3942 mendas
368 3890 451 3943 exemi
469 3906 536 3960 qnue
551 3905 651 3942 sensum
668 3887 745 3957 plane
758 3889 958 3958 pervertebam
969 3889 1046 3955 vulgo
1058 3887 1125 3940 enlm
1139 3885 1242 3954 legitur:

159 3985 211 4042 τὰς
228 3981 261 4035 dl
281 3988 380 4054 τρίτας
397 3983 452 4034 τῶν
472 3981 717 4049 ἀλληλοφυῶν·
740 3985 790 4041 τὰς
811 3981 844 4037 dl
864 3984 1005 4052 τέτταρας
1027 3979 1120 4032 οὐκέτι
1136 3979 1166 4060 le
1186 3977 1242 4030 τῶν

161 4075 306 4139 ductos.
328 4077 472 4142 Utramque
485 4071 690 4126 emendationem
705 4089 746 4125 res
762 4073 827 4143 ipsu,
842 4074 868 4126 nt
885 4072 971 4136 fallor,
984 4071 1087 4142 probat.
1104 4072 1242 4140 τετάρτας
1325 4109 1332 4122 .
