<?xml version="1.0" encoding="UTF-8"?>
<!DOCTYPE html PUBLIC "-//W3C//DTD XHTML 1.0 Transitional//EN"
    "http://www.w3.org/TR/xhtml1/DTD/xhtml1-transitional.dtd">
<html xmlns="http://www.w3.org/1999/xhtml" xml:lang="en" lang="en">
 <head>
  <title>
</title>
<meta http-equiv="Content-Type" content="text/html;charset=utf-8" />
  <meta name='ocr-system' content='tesseract 3.04.00' />
  <meta name='ocr-capabilities' content='ocr_page ocr_carea ocr_par ocr_line ocrx_word'/>
</head>
<body>
  <div class='ocr_page' id='page_1' title='image "./philosophorumgr00xenogoog_0324.png"; bbox 0 0 3016 4840; ppageno 0'>
   <div class='ocr_carea' id='block_1_1' title="bbox 223 351 905 416">
    <p class='ocr_par' dir='ltr' id='par_1_1' title="bbox 223 351 905 416">
     <span class='ocr_line' id='line_1_1' title="bbox 223 351 905 416; baseline 0 -2"><span class='ocrx_word' id='word_1_1' title='bbox 223 351 286 414; x_wconf 77' lang='lat'><strong>310</strong></span> <span class='ocrx_word' id='word_1_2' title='bbox 617 367 665 414; x_wconf 80' lang='lat' dir='ltr'><strong>oo</strong></span> <span class='ocrx_word' id='word_1_3' title='bbox 688 365 905 416; x_wconf 74' lang='lat' dir='ltr'><strong>ommocms</strong></span> 
     </span>
    </p>
   </div>
   <div class='ocr_carea' id='block_1_2' title="bbox 219 527 1307 3653">
    <p class='ocr_par' dir='ltr' id='par_1_2' title="bbox 219 527 1307 3653">
     <span class='ocr_line' id='line_1_2' title="bbox 224 527 1302 630; baseline -0.001 -25"><span class='ocrx_word' id='word_1_4' title='bbox 224 529 295 605; x_wconf 72' lang='grc' dir='ltr'><strong><em>οὔτ’</em></strong></span> <span class='ocrx_word' id='word_1_5' title='bbox 319 527 497 628; x_wconf 62' lang='lat' dir='ltr'><strong>&amp;risone</strong></span> <span class='ocrx_word' id='word_1_6' title='bbox 525 528 604 608; x_wconf 75' lang='grc' dir='ltr'><strong>τάδ’</strong></span> <span class='ocrx_word' id='word_1_7' title='bbox 630 527 783 629; x_wconf 64' lang='lat' dir='ltr'><strong>utrm</strong></span> <span class='ocrx_word' id='word_1_8' title='bbox 813 529 885 604; x_wconf 79' lang='grc' dir='ltr'><strong>οὔτ’</strong></span> <span class='ocrx_word' id='word_1_9' title='bbox 912 527 1111 606; x_wconf 62' lang='lat' dir='ltr'><strong>temone</strong></span> <span class='ocrx_word' id='word_1_10' title='bbox 1139 530 1216 604; x_wconf 76' lang='lat' dir='ltr'><strong>crire</strong></span> <span class='ocrx_word' id='word_1_11' title='bbox 1241 529 1302 630; x_wconf 78' lang='grc' dir='ltr'><strong>νόῳ</strong></span> 
     </span>
     <span class='ocr_line' id='line_1_3' title="bbox 223 648 1305 752; baseline -0.006 -22"><span class='ocrx_word' id='word_1_12' title='bbox 223 651 412 752; x_wconf 74' lang='grc' dir='ltr'><strong><em>σεριλιρττοί</em></strong></span> <span class='ocrx_word' id='word_1_13' title='bbox 430 655 461 729; x_wconf 82' lang='lat'><strong>⁶.</strong></span> <span class='ocrx_word' id='word_1_14' title='bbox 513 653 620 726; x_wconf 80' lang='lat' dir='ltr'>Recte</span> <span class='ocrx_word' id='word_1_15' title='bbox 641 666 764 728; x_wconf 86' lang='lat' dir='ltr'><strong>autem</strong></span> <span class='ocrx_word' id='word_1_16' title='bbox 784 651 960 728; x_wconf 84' lang='lat' dir='ltr'><strong>Lucullus</strong></span> <span class='ocrx_word' id='word_1_17' title='bbox 979 653 1017 726; x_wconf 85' lang='lat' dir='ltr'><strong>in</strong></span> <span class='ocrx_word' id='word_1_18' title='bbox 1039 665 1110 726; x_wconf 88' lang='lat' dir='ltr'><strong>tota</strong></span> <span class='ocrx_word' id='word_1_19' title='bbox 1130 648 1197 724; x_wconf 87' lang='lat' dir='ltr'><strong>hac</strong></span> <span class='ocrx_word' id='word_1_20' title='bbox 1215 675 1305 726; x_wconf 87' lang='lat' dir='ltr'><strong>sen-</strong></span> 
     </span>
     <span class='ocr_line' id='line_1_4' title="bbox 225 770 1307 876; baseline -0.004 -28"><span class='ocrx_word' id='word_1_21' title='bbox 225 777 336 850; x_wconf 88' lang='lat' dir='ltr'><strong>tentia</strong></span> <span class='ocrx_word' id='word_1_22' title='bbox 352 777 463 876; x_wconf 84' lang='lat' dir='ltr'><strong>magis</strong></span> <span class='ocrx_word' id='word_1_23' title='bbox 478 774 560 849; x_wconf 87' lang='lat' dir='ltr'><strong>elati</strong></span> <span class='ocrx_word' id='word_1_24' title='bbox 578 774 687 848; x_wconf 88' lang='lat' dir='ltr'><strong>animi</strong></span> <span class='ocrx_word' id='word_1_25' title='bbox 705 772 872 873; x_wconf 88' lang='lat' dir='ltr'><strong>spiritum</strong></span> <span class='ocrx_word' id='word_1_26' title='bbox 888 799 998 876; x_wconf 79' lang='lat' dir='ltr'><strong>quam</strong></span> <span class='ocrx_word' id='word_1_27' title='bbox 1013 770 1158 848; x_wconf 85' lang='lat' dir='ltr'><strong>rationis</strong></span> <span class='ocrx_word' id='word_1_28' title='bbox 1170 771 1307 873; x_wconf 85' lang='lat' dir='ltr'><strong>judici-</strong></span> 
     </span>
     <span class='ocr_line' id='line_1_5' title="bbox 225 893 1307 997; baseline -0.004 -27"><span class='ocrx_word' id='word_1_29' title='bbox 225 922 291 970; x_wconf 91' lang='lat' dir='ltr'><strong>um</strong></span> <span class='ocrx_word' id='word_1_30' title='bbox 313 897 484 997; x_wconf 79' lang='lat' dir='ltr'><strong>agnoscit3</strong></span> <span class='ocrx_word' id='word_1_31' title='bbox 504 895 602 994; x_wconf 91' lang='lat' dir='ltr'><strong>quod</strong></span> <span class='ocrx_word' id='word_1_32' title='bbox 619 895 749 970; x_wconf 88' lang='lat' dir='ltr'><strong>multos</strong></span> <span class='ocrx_word' id='word_1_33' title='bbox 767 893 880 994; x_wconf 81' lang='lat' dir='ltr'><strong>fugit,</strong></span> <span class='ocrx_word' id='word_1_34' title='bbox 902 897 966 994; x_wconf 89' lang='lat' dir='ltr'><strong>qui</strong></span> <span class='ocrx_word' id='word_1_35' title='bbox 988 919 1155 994; x_wconf 85' lang='lat' dir='ltr'><strong>perverse</strong></span> <span class='ocrx_word' id='word_1_36' title='bbox 1174 896 1307 994; x_wconf 83' lang='lat' dir='ltr'><strong>Empe·</strong></span> 
     </span>
     <span class='ocr_line' id='line_1_6' title="bbox 226 1015 1307 1116; baseline -0.002 -26"><span class='ocrx_word' id='word_1_37' title='bbox 226 1016 332 1090; x_wconf 91' lang='lat' dir='ltr'><strong>doclis</strong></span> <span class='ocrx_word' id='word_1_38' title='bbox 348 1017 438 1090; x_wconf 86' lang='lat' dir='ltr'><strong>dicta</strong></span> <span class='ocrx_word' id='word_1_39' title='bbox 456 1019 503 1091; x_wconf 84' lang='lat' dir='ltr'><strong>ita</strong></span> <span class='ocrx_word' id='word_1_40' title='bbox 520 1041 664 1116; x_wconf 89' lang='lat' dir='ltr'><strong>prorsus</strong></span> <span class='ocrx_word' id='word_1_41' title='bbox 678 1016 900 1114; x_wconf 83' lang='lat' dir='ltr'><strong>interpretati</strong></span> <span class='ocrx_word' id='word_1_42' title='bbox 916 1029 1018 1107; x_wconf 88' lang='lat' dir='ltr'><strong>sunt,</strong></span> <span class='ocrx_word' id='word_1_43' title='bbox 1032 1015 1134 1116; x_wconf 88' lang='lat' dir='ltr'><strong>quasi</strong></span> <span class='ocrx_word' id='word_1_44' title='bbox 1150 1015 1307 1114; x_wconf 75' lang='lat' dir='ltr'><strong>aliquem</strong></span> 
     </span>
     <span class='ocr_line' id='line_1_7' title="bbox 226 1135 1306 1236; baseline -0.001 -25"><span class='ocrx_word' id='word_1_45' title='bbox 226 1138 272 1213; x_wconf 91' lang='lat' dir='ltr'><strong>de</strong></span> <span class='ocrx_word' id='word_1_46' title='bbox 301 1163 393 1214; x_wconf 85' lang='lat' dir='ltr'><strong>nova</strong></span> <span class='ocrx_word' id='word_1_47' title='bbox 425 1138 613 1212; x_wconf 82' lang='lat' dir='ltr'><strong>Academia</strong></span> <span class='ocrx_word' id='word_1_48' title='bbox 642 1135 765 1211; x_wconf 77' lang='lat' dir='ltr'><strong>audias</strong></span> <span class='ocrx_word' id='word_1_49' title='bbox 797 1135 1017 1236; x_wconf 80' lang='lat' dir='ltr'><strong>loquentem.</strong></span> <span class='ocrx_word' id='word_1_50' title='bbox 1072 1135 1174 1212; x_wconf 85' lang='lat' dir='ltr'><strong>Tales</strong></span> <span class='ocrx_word' id='word_1_51' title='bbox 1203 1149 1306 1226; x_wconf 87' lang='lat' dir='ltr'><strong>sunt,</strong></span> 
     </span>
     <span class='ocr_line' id='line_1_8' title="bbox 226 1257 1306 1359; baseline -0.002 -25"><span class='ocrx_word' id='word_1_52' title='bbox 226 1287 316 1359; x_wconf 89' lang='lat' dir='ltr'><strong>quos</strong></span> <span class='ocrx_word' id='word_1_53' title='bbox 339 1263 468 1354; x_wconf 73' lang='lat' dir='ltr'><strong>Sertus</strong></span> <span class='ocrx_word' id='word_1_54' title='bbox 491 1273 662 1332; x_wconf 85' lang='lat' dir='ltr'><strong>memorat</strong></span> <span class='ocrx_word' id='word_1_55' title='bbox 682 1267 718 1346; x_wconf 81' lang='lat'><strong>⁷,</strong></span> <span class='ocrx_word' id='word_1_56' title='bbox 747 1261 778 1332; x_wconf 79' lang='grc' dir='ltr'><strong>οἱ</strong></span> <span class='ocrx_word' id='word_1_57' title='bbox 794 1259 968 1356; x_wconf 64' lang='grc' dir='ltr'><strong><em>λέγοντες,</em></strong></span> <span class='ocrx_word' id='word_1_58' title='bbox 991 1259 1084 1334; x_wconf 68' lang='lat' dir='ltr'><strong>sart</strong></span> <span class='ocrx_word' id='word_1_59' title='bbox 1105 1261 1160 1334; x_wconf 76' lang='lat' dir='ltr'><strong>clv</strong></span> <span class='ocrx_word' id='word_1_60' title='bbox 1181 1257 1306 1354; x_wconf 79' lang='grc' dir='ltr'><strong><em>Ἐμπε-</em></strong></span> 
     </span>
     <span class='ocr_line' id='line_1_9' title="bbox 227 1374 1307 1478; baseline -0.001 -21"><span class='ocrx_word' id='word_1_61' title='bbox 227 1379 349 1457; x_wconf 77' lang='grc' dir='ltr'><strong><em>δοκλέα</em></strong></span> <span class='ocrx_word' id='word_1_62' title='bbox 371 1378 526 1478; x_wconf 73' lang='grc' dir='ltr'><strong><em>κριτήριον</em></strong></span> <span class='ocrx_word' id='word_1_63' title='bbox 548 1374 625 1454; x_wconf 71' lang='grc' dir='ltr'><strong><em>εἶναι</em></strong></span> <span class='ocrx_word' id='word_1_64' title='bbox 642 1381 699 1468; x_wconf 75' lang='grc' dir='ltr'><strong>τῆς</strong></span> <span class='ocrx_word' id='word_1_65' title='bbox 716 1376 865 1467; x_wconf 71' lang='grc' dir='ltr'><strong><em>ἀληθείαις</em></strong></span> <span class='ocrx_word' id='word_1_66' title='bbox 882 1383 919 1451; x_wconf 84' lang='grc' dir='ltr'><strong>οὑ</strong></span> <span class='ocrx_word' id='word_1_67' title='bbox 932 1379 996 1461; x_wconf 68' lang='lat' dir='ltr'><strong>rur</strong></span> <span class='ocrx_word' id='word_1_68' title='bbox 1012 1378 1194 1471; x_wconf 70' lang='grc' dir='ltr'><strong><em>οιῖσθιὶσειι,</em></strong></span> <span class='ocrx_word' id='word_1_69' title='bbox 1210 1378 1307 1456; x_wconf 70' lang='grc' dir='ltr'><strong><em>ἄλλοι</em></strong></span> 
     </span>
     <span class='ocr_line' id='line_1_10' title="bbox 226 1497 1306 1600; baseline 0 -22"><span class='ocrx_word' id='word_1_70' title='bbox 226 1507 282 1580; x_wconf 76' lang='grc' dir='ltr'><strong>τον</strong></span> <span class='ocrx_word' id='word_1_71' title='bbox 307 1501 419 1600; x_wconf 71' lang='grc' dir='ltr'><strong><em>ὀρθὸν</em></strong></span> <span class='ocrx_word' id='word_1_72' title='bbox 442 1503 581 1599; x_wconf 80' lang='grc' dir='ltr'><strong><em>λόγον·</em></strong></span> <span class='ocrx_word' id='word_1_73' title='bbox 605 1509 664 1574; x_wconf 84' lang='grc' dir='ltr'><strong>τοῦ</strong></span> <span class='ocrx_word' id='word_1_74' title='bbox 683 1497 719 1576; x_wconf 70' lang='lat' dir='ltr'><strong>di</strong></span> <span class='ocrx_word' id='word_1_75' title='bbox 736 1499 826 1598; x_wconf 74' lang='grc' dir='ltr'><strong><em>ὀρθοῦ</em></strong></span> <span class='ocrx_word' id='word_1_76' title='bbox 843 1501 946 1599; x_wconf 73' lang='grc' dir='ltr'><strong><em>λόγου</em></strong></span> <span class='ocrx_word' id='word_1_77' title='bbox 964 1503 1020 1577; x_wconf 73' lang='grc' dir='ltr'><strong>τοι</strong></span> <span class='ocrx_word' id='word_1_78' title='bbox 1036 1506 1097 1596; x_wconf 76' lang='grc' dir='ltr'><strong>μέν</strong></span> <span class='ocrx_word' id='word_1_79' title='bbox 1113 1533 1186 1578; x_wconf 84' lang='grc' dir='ltr'><strong><em>τινοι</em></strong></span> <span class='ocrx_word' id='word_1_80' title='bbox 1202 1502 1306 1579; x_wconf 73' lang='grc' dir='ltr'><strong><em>θεῖον</em></strong></span> 
     </span>
     <span class='ocr_line' id='line_1_11' title="bbox 224 1613 1305 1724; baseline -0.001 -23"><span class='ocrx_word' id='word_1_81' title='bbox 224 1623 407 1724; x_wconf 75' lang='grc' dir='ltr'><strong><em>ὑπάρχειν,</em></strong></span> <span class='ocrx_word' id='word_1_82' title='bbox 431 1625 487 1697; x_wconf 70' lang='grc' dir='ltr'><strong>τὸν</strong></span> <span class='ocrx_word' id='word_1_83' title='bbox 506 1620 545 1698; x_wconf 70' lang='lat' dir='ltr'><strong>dl</strong></span> <span class='ocrx_word' id='word_1_84' title='bbox 570 1619 781 1718; x_wconf 78' lang='grc' dir='ltr'><strong><em>ιἰνθρῶτινον,</em></strong></span> <span class='ocrx_word' id='word_1_85' title='bbox 799 1613 840 1696; x_wconf 75' lang='grc' dir='ltr'><strong>ὧν</strong></span> <span class='ocrx_word' id='word_1_86' title='bbox 857 1625 913 1698; x_wconf 75' lang='grc' dir='ltr'><strong>τοι</strong></span> <span class='ocrx_word' id='word_1_87' title='bbox 932 1627 995 1719; x_wconf 64' lang='grc' dir='ltr'><strong>μὲν</strong></span> <span class='ocrx_word' id='word_1_88' title='bbox 1015 1621 1094 1700; x_wconf 76' lang='grc' dir='ltr'><strong><em>θεῖον</em></strong></span> <span class='ocrx_word' id='word_1_89' title='bbox 1115 1624 1305 1716; x_wconf 71' lang='grc' dir='ltr'><strong><em>ἀνέξοιστον</em></strong></span> 
     </span>
     <span class='ocr_line' id='line_1_12' title="bbox 224 1739 1304 1846; baseline -0.002 -24"><span class='ocrx_word' id='word_1_90' title='bbox 224 1742 324 1839; x_wconf 73' lang='grc' dir='ltr'><strong><em>εἶναι,</em></strong></span> <span class='ocrx_word' id='word_1_91' title='bbox 351 1747 406 1820; x_wconf 70' lang='grc' dir='ltr'><strong>τὸν</strong></span> <span class='ocrx_word' id='word_1_92' title='bbox 433 1741 468 1820; x_wconf 71' lang='grc' dir='ltr'><strong>δὲ</strong></span> <span class='ocrx_word' id='word_1_93' title='bbox 500 1739 689 1838; x_wconf 62' lang='lat' dir='ltr'><strong>eruperant</strong></span> <span class='ocrx_word' id='word_1_94' title='bbox 718 1740 875 1834; x_wconf 76' lang='grc' dir='ltr'><strong><em>ἓξοιστὸν.</em></strong></span> <span class='ocrx_word' id='word_1_95' title='bbox 905 1745 928 1818; x_wconf 90' lang='lat' dir='ltr'><strong>i.</strong></span> <span class='ocrx_word' id='word_1_96' title='bbox 961 1771 994 1819; x_wconf 93' lang='lat' dir='ltr'><strong>e.</strong></span> <span class='ocrx_word' id='word_1_97' title='bbox 1029 1745 1304 1846; x_wconf 71' lang='lat' dir='ltr'><strong>»Empedoclem</strong></span> 
     </span>
     <span class='ocr_line' id='line_1_13' title="bbox 224 1865 1303 1962; baseline -0.004 -17"><span class='ocrx_word' id='word_1_98' title='bbox 224 1869 300 1946; x_wconf 85' lang='lat' dir='ltr'><strong>veri</strong></span> <span class='ocrx_word' id='word_1_99' title='bbox 336 1865 575 1939; x_wconf 79' lang='lat' dir='ltr'><strong>criterium</strong></span> <span class='ocrx_word' id='word_1_100' title='bbox 609 1866 767 1962; x_wconf 77' lang='lat' dir='ltr'><strong>posuisse</strong></span> <span class='ocrx_word' id='word_1_101' title='bbox 799 1891 872 1939; x_wconf 88' lang='lat' dir='ltr'><strong>ooo</strong></span> <span class='ocrx_word' id='word_1_102' title='bbox 908 1867 946 1938; x_wconf 91' lang='lat' dir='ltr'><strong>io</strong></span> <span class='ocrx_word' id='word_1_103' title='bbox 977 1891 1130 1960; x_wconf 89' lang='lat' dir='ltr'><strong>sensu,</strong></span> <span class='ocrx_word' id='word_1_104' title='bbox 1166 1867 1229 1944; x_wconf 84' lang='lat' dir='ltr'><strong>sed</strong></span> <span class='ocrx_word' id='word_1_105' title='bbox 1263 1869 1303 1941; x_wconf 87' lang='lat' dir='ltr'><strong>in</strong></span> 
     </span>
     <span class='ocr_line' id='line_1_14' title="bbox 223 1975 1304 2086; baseline 0 -22"><span class='ocrx_word' id='word_1_106' title='bbox 223 2004 350 2064; x_wconf 87' lang='lat' dir='ltr'><strong>recta</strong></span> <span class='ocrx_word' id='word_1_107' title='bbox 387 1991 587 2079; x_wconf 84' lang='lat' dir='ltr'><strong>ratione;</strong></span> <span class='ocrx_word' id='word_1_108' title='bbox 622 1975 715 2059; x_wconf 85' lang='lat' dir='ltr'><strong>hanc</strong></span> <span class='ocrx_word' id='word_1_109' title='bbox 746 1999 869 2060; x_wconf 87' lang='lat' dir='ltr'><strong>autem</strong></span> <span class='ocrx_word' id='word_1_110' title='bbox 901 1985 1082 2086; x_wconf 87' lang='lat' dir='ltr'><strong>duplicem</strong></span> <span class='ocrx_word' id='word_1_111' title='bbox 1117 2012 1208 2081; x_wconf 81' lang='lat' dir='ltr'><strong>esee,</strong></span> <span class='ocrx_word' id='word_1_112' title='bbox 1246 1990 1304 2064; x_wconf 83' lang='lat' dir='ltr'><strong>vel</strong></span> 
     </span>
     <span class='ocr_line' id='line_1_15' title="bbox 223 2106 1304 2209; baseline -0.001 -23"><span class='ocrx_word' id='word_1_113' title='bbox 223 2111 428 2188; x_wconf 84' lang='lat' dir='ltr'><strong>divinam</strong></span> <span class='ocrx_word' id='word_1_114' title='bbox 451 2107 507 2184; x_wconf 88' lang='lat' dir='ltr'><strong>vel</strong></span> <span class='ocrx_word' id='word_1_115' title='bbox 530 2107 791 2198; x_wconf 79' lang='lat' dir='ltr'><strong>humanam3</strong></span> <span class='ocrx_word' id='word_1_116' title='bbox 815 2106 963 2180; x_wconf 83' lang='lat' dir='ltr'><strong>alteram</strong></span> <span class='ocrx_word' id='word_1_117' title='bbox 985 2107 1090 2181; x_wconf 87' lang='lat' dir='ltr'><strong>licere</strong></span> <span class='ocrx_word' id='word_1_118' title='bbox 1110 2110 1148 2180; x_wconf 93' lang='lat' dir='ltr'><strong>io</strong></span> <span class='ocrx_word' id='word_1_119' title='bbox 1171 2109 1304 2209; x_wconf 83' lang='lat' dir='ltr'><strong>vulgus</strong></span> 
     </span>
     <span class='ocr_line' id='line_1_16' title="bbox 221 2225 1303 2328; baseline -0.002 -22"><span class='ocrx_word' id='word_1_120' title='bbox 221 2230 354 2322; x_wconf 89' lang='lat' dir='ltr'><strong>efferri,</strong></span> <span class='ocrx_word' id='word_1_121' title='bbox 368 2229 515 2303; x_wconf 84' lang='lat' dir='ltr'><strong>alteram</strong></span> <span class='ocrx_word' id='word_1_122' title='bbox 536 2253 610 2300; x_wconf 88' lang='lat' dir='ltr'><strong>non</strong></span> <span class='ocrx_word' id='word_1_123' title='bbox 630 2225 771 2300; x_wconf 89' lang='lat' dir='ltr'><strong>licere.&#39;&#39;</strong></span> <span class='ocrx_word' id='word_1_124' title='bbox 808 2227 918 2318; x_wconf 86' lang='lat' dir='ltr'><strong>Haec,</strong></span> <span class='ocrx_word' id='word_1_125' title='bbox 934 2253 1156 2328; x_wconf 85' lang='lat' dir='ltr'><strong>quamquam</strong></span> <span class='ocrx_word' id='word_1_126' title='bbox 1178 2228 1303 2304; x_wconf 84' lang='lat' dir='ltr'><strong>effectu</strong></span> 
     </span>
     <span class='ocr_line' id='line_1_17' title="bbox 222 2347 1304 2451; baseline -0.002 -24"><span class='ocrx_word' id='word_1_127' title='bbox 222 2379 268 2427; x_wconf 85' lang='lat' dir='ltr'><strong>ex</strong></span> <span class='ocrx_word' id='word_1_128' title='bbox 295 2349 518 2450; x_wconf 87' lang='lat' dir='ltr'><strong>Empedoclis</strong></span> <span class='ocrx_word' id='word_1_129' title='bbox 548 2347 667 2440; x_wconf 88' lang='lat' dir='ltr'><strong>dictis,</strong></span> <span class='ocrx_word' id='word_1_130' title='bbox 699 2361 819 2422; x_wconf 69' lang='lat' dir='ltr'><strong>umen</strong></span> <span class='ocrx_word' id='word_1_131' title='bbox 848 2349 960 2422; x_wconf 86' lang='lat' dir='ltr'><strong>menti</strong></span> <span class='ocrx_word' id='word_1_132' title='bbox 988 2347 1066 2450; x_wconf 83' lang='lat' dir='ltr'><strong>ejus</strong></span> <span class='ocrx_word' id='word_1_133' title='bbox 1096 2377 1169 2425; x_wconf 90' lang='lat' dir='ltr'><strong>non</strong></span> <span class='ocrx_word' id='word_1_134' title='bbox 1196 2351 1304 2451; x_wconf 84' lang='lat' dir='ltr'><strong>plane</strong></span> 
     </span>
     <span class='ocr_line' id='line_1_18' title="bbox 222 2468 1304 2568; baseline 0 -22"><span class='ocrx_word' id='word_1_135' title='bbox 222 2487 455 2547; x_wconf 83' lang='lat' dir='ltr'><strong>consentanea</strong></span> <span class='ocrx_word' id='word_1_136' title='bbox 479 2481 576 2543; x_wconf 82' lang='lat' dir='ltr'><strong>sunt.</strong></span> <span class='ocrx_word' id='word_1_137' title='bbox 616 2468 796 2561; x_wconf 90' lang='lat' dir='ltr'><strong>Primum,</strong></span> <span class='ocrx_word' id='word_1_138' title='bbox 814 2469 913 2568; x_wconf 88' lang='lat' dir='ltr'><strong>quod</strong></span> <span class='ocrx_word' id='word_1_139' title='bbox 930 2469 975 2543; x_wconf 89' lang='lat' dir='ltr'><strong>ad</strong></span> <span class='ocrx_word' id='word_1_140' title='bbox 996 2495 1170 2546; x_wconf 86' lang='lat' dir='ltr'><strong>sensuum</strong></span> <span class='ocrx_word' id='word_1_141' title='bbox 1188 2485 1225 2546; x_wconf 89' lang='lat' dir='ltr'><strong>et</strong></span> <span class='ocrx_word' id='word_1_142' title='bbox 1245 2499 1304 2546; x_wconf 82' lang='lat' dir='ltr'><strong>ra·</strong></span> 
     </span>
     <span class='ocr_line' id='line_1_19' title="bbox 221 2591 1303 2690; baseline -0.002 -20"><span class='ocrx_word' id='word_1_143' title='bbox 221 2597 326 2670; x_wconf 82' lang='lat' dir='ltr'><strong>tionis</strong></span> <span class='ocrx_word' id='word_1_144' title='bbox 351 2593 540 2666; x_wconf 85' lang='lat' dir='ltr'><strong>discrimen</strong></span> <span class='ocrx_word' id='word_1_145' title='bbox 558 2593 699 2684; x_wconf 81' lang='lat' dir='ltr'><strong>attinet,</strong></span> <span class='ocrx_word' id='word_1_146' title='bbox 731 2591 979 2690; x_wconf 86' lang='lat' dir='ltr'><strong>Empedocles,</strong></span> <span class='ocrx_word' id='word_1_147' title='bbox 1007 2607 1051 2666; x_wconf 90' lang='lat' dir='ltr'><strong>ut</strong></span> <span class='ocrx_word' id='word_1_148' title='bbox 1071 2591 1245 2686; x_wconf 82' lang='lat' dir='ltr'><strong>diximus,</strong></span> <span class='ocrx_word' id='word_1_149' title='bbox 1265 2592 1303 2668; x_wconf 88' lang='lat' dir='ltr'><strong>id</strong></span> 
     </span>
     <span class='ocr_line' id='line_1_20' title="bbox 221 2713 1304 2816; baseline 0.001 -29"><span class='ocrx_word' id='word_1_150' title='bbox 221 2741 351 2816; x_wconf 84' lang='lat' dir='ltr'><strong>parum</strong></span> <span class='ocrx_word' id='word_1_151' title='bbox 362 2715 525 2786; x_wconf 86' lang='lat' dir='ltr'><strong>distincte</strong></span> <span class='ocrx_word' id='word_1_152' title='bbox 535 2713 661 2787; x_wconf 86' lang='lat' dir='ltr'><strong>habuit</strong></span> <span class='ocrx_word' id='word_1_153' title='bbox 673 2725 915 2811; x_wconf 83' lang='lat' dir='ltr'><strong>perspectum,</strong></span> <span class='ocrx_word' id='word_1_154' title='bbox 927 2713 1025 2814; x_wconf 89' lang='lat' dir='ltr'><strong>quod</strong></span> <span class='ocrx_word' id='word_1_155' title='bbox 1039 2713 1234 2790; x_wconf 88' lang='lat' dir='ltr'><strong>ostendunt</strong></span> <span class='ocrx_word' id='word_1_156' title='bbox 1243 2741 1304 2805; x_wconf 85' lang='lat' dir='ltr'><strong>ea,</strong></span> 
     </span>
     <span class='ocr_line' id='line_1_21' title="bbox 219 2832 1301 2937; baseline 0.002 -27"><span class='ocrx_word' id='word_1_157' title='bbox 219 2859 313 2935; x_wconf 83' lang='lat' dir='ltr'><strong>quae</strong></span> <span class='ocrx_word' id='word_1_158' title='bbox 325 2833 371 2908; x_wconf 90' lang='lat' dir='ltr'><strong>de</strong></span> <span class='ocrx_word' id='word_1_159' title='bbox 387 2832 589 2906; x_wconf 71' lang='lat' dir='ltr'><strong>intellectio</strong></span> <span class='ocrx_word' id='word_1_160' title='bbox 602 2848 731 2906; x_wconf 85' lang='lat' dir='ltr'><strong>natura</strong></span> <span class='ocrx_word' id='word_1_161' title='bbox 747 2836 884 2908; x_wconf 82' lang='lat' dir='ltr'><strong>docuit:</strong></span> <span class='ocrx_word' id='word_1_162' title='bbox 902 2837 1069 2937; x_wconf 81' lang='lat' dir='ltr'><strong>equibus</strong></span> <span class='ocrx_word' id='word_1_163' title='bbox 1081 2837 1301 2912; x_wconf 80' lang='lat' dir='ltr'><strong>contrarium</strong></span> 
     </span>
     <span class='ocr_line' id='line_1_22' title="bbox 221 2951 1302 3058; baseline 0.005 -30"><span class='ocrx_word' id='word_1_164' title='bbox 221 2957 341 3058; x_wconf 90' lang='lat' dir='ltr'><strong>potius</strong></span> <span class='ocrx_word' id='word_1_165' title='bbox 361 2955 463 3054; x_wconf 86' lang='lat' dir='ltr'><strong>sequi</strong></span> <span class='ocrx_word' id='word_1_166' title='bbox 482 2952 640 3043; x_wconf 88' lang='lat' dir='ltr'><strong>videtur,</strong></span> <span class='ocrx_word' id='word_1_167' title='bbox 660 2951 763 3026; x_wconf 86' lang='lat' dir='ltr'><strong>ambo</strong></span> <span class='ocrx_word' id='word_1_168' title='bbox 785 2955 849 3028; x_wconf 84' lang='lat' dir='ltr'><strong>ista</strong></span> <span class='ocrx_word' id='word_1_169' title='bbox 872 2956 962 3029; x_wconf 87' lang='lat' dir='ltr'><strong>nihil</strong></span> <span class='ocrx_word' id='word_1_170' title='bbox 979 2955 1138 3048; x_wconf 86' lang='lat' dir='ltr'><strong>differre,</strong></span> <span class='ocrx_word' id='word_1_171' title='bbox 1156 2959 1217 3032; x_wconf 85' lang='lat' dir='ltr'><strong>sed</strong></span> <span class='ocrx_word' id='word_1_172' title='bbox 1239 2984 1302 3033; x_wconf 90' lang='lat' dir='ltr'><strong>co·</strong></span> 
     </span>
     <span class='ocr_line' id='line_1_23' title="bbox 223 3073 1302 3178; baseline 0.004 -28"><span class='ocrx_word' id='word_1_173' title='bbox 223 3077 371 3178; x_wconf 84' lang='lat' dir='ltr'><strong>gitare</strong></span> <span class='ocrx_word' id='word_1_174' title='bbox 394 3089 503 3174; x_wconf 84' lang='lat' dir='ltr'><strong>atque</strong></span> <span class='ocrx_word' id='word_1_175' title='bbox 528 3073 700 3148; x_wconf 84' lang='lat' dir='ltr'><strong>sentire</strong></span> <span class='ocrx_word' id='word_1_176' title='bbox 726 3073 822 3150; x_wconf 88' lang='lat' dir='ltr'><strong>idem</strong></span> <span class='ocrx_word' id='word_1_177' title='bbox 849 3082 971 3153; x_wconf 83' lang='lat' dir='ltr'><strong>esse⁸.</strong></span> <span class='ocrx_word' id='word_1_178' title='bbox 1021 3081 1074 3153; x_wconf 89' lang='lat' dir='ltr'><strong>De</strong></span> <span class='ocrx_word' id='word_1_179' title='bbox 1098 3077 1165 3152; x_wconf 89' lang='lat' dir='ltr'><strong>hoc</strong></span> <span class='ocrx_word' id='word_1_180' title='bbox 1191 3104 1302 3154; x_wconf 87' lang='lat' dir='ltr'><strong>accu-</strong></span> 
     </span>
     <span class='ocr_line' id='line_1_24' title="bbox 223 3193 1302 3296; baseline 0.004 -26"><span class='ocrx_word' id='word_1_181' title='bbox 223 3199 334 3272; x_wconf 81' lang='lat' dir='ltr'><strong>ratius</strong></span> <span class='ocrx_word' id='word_1_182' title='bbox 353 3197 468 3288; x_wconf 84' lang='lat' dir='ltr'><strong>infra,</strong></span> <span class='ocrx_word' id='word_1_183' title='bbox 487 3194 552 3270; x_wconf 89' lang='lat' dir='ltr'><strong>ubi</strong></span> <span class='ocrx_word' id='word_1_184' title='bbox 578 3193 624 3269; x_wconf 86' lang='lat' dir='ltr'><strong>de</strong></span> <span class='ocrx_word' id='word_1_185' title='bbox 647 3195 765 3269; x_wconf 81' lang='lat' dir='ltr'><strong>auimo</strong></span> <span class='ocrx_word' id='word_1_186' title='bbox 785 3195 1009 3275; x_wconf 87' lang='lat' dir='ltr'><strong>disseremus.</strong></span> <span class='ocrx_word' id='word_1_187' title='bbox 1061 3199 1217 3296; x_wconf 84' lang='lat' dir='ltr'><strong>Deinde,</strong></span> <span class='ocrx_word' id='word_1_188' title='bbox 1236 3201 1302 3276; x_wconf 83' lang='lat' dir='ltr'><strong>etsi</strong></span> 
     </span>
     <span class='ocr_line' id='line_1_25' title="bbox 223 3315 1301 3417; baseline 0.004 -27"><span class='ocrx_word' id='word_1_189' title='bbox 223 3317 407 3391; x_wconf 85' lang='lat' dir='ltr'><strong>interdum</strong></span> <span class='ocrx_word' id='word_1_190' title='bbox 429 3315 550 3417; x_wconf 71' lang='lat' dir='ltr'><strong>irrbet,</strong></span> <span class='ocrx_word' id='word_1_191' title='bbox 574 3329 714 3406; x_wconf 84' lang='lat' dir='ltr'><strong>mente,</strong></span> <span class='ocrx_word' id='word_1_192' title='bbox 741 3343 815 3392; x_wconf 86' lang='lat' dir='ltr'><strong>non</strong></span> <span class='ocrx_word' id='word_1_193' title='bbox 837 3323 956 3395; x_wconf 81' lang='lat' dir='ltr'><strong>oculis</strong></span> <span class='ocrx_word' id='word_1_194' title='bbox 977 3331 1172 3415; x_wconf 81' lang='lat' dir='ltr'><strong>cernere⁹,</strong></span> <span class='ocrx_word' id='word_1_195' title='bbox 1204 3347 1301 3396; x_wconf 86' lang='lat' dir='ltr'><strong>onon</strong></span> 
     </span>
     <span class='ocr_line' id='line_1_26' title="bbox 223 3437 1300 3537; baseline 0.006 -25"><span class='ocrx_word' id='word_1_196' title='bbox 223 3452 345 3512; x_wconf 82' lang='lat' dir='ltr'><strong>temen</strong></span> <span class='ocrx_word' id='word_1_197' title='bbox 365 3452 530 3513; x_wconf 81' lang='lat' dir='ltr'><strong>excaecat</strong></span> <span class='ocrx_word' id='word_1_198' title='bbox 548 3461 611 3510; x_wconf 87' lang='lat' dir='ltr'><strong>nos</strong></span> <span class='ocrx_word' id='word_1_199' title='bbox 630 3437 879 3537; x_wconf 87' lang='lat' dir='ltr'><strong>Empedocles,</strong></span> <span class='ocrx_word' id='word_1_200' title='bbox 897 3467 970 3515; x_wconf 87' lang='lat' dir='ltr'><strong>non</strong></span> <span class='ocrx_word' id='word_1_201' title='bbox 986 3441 1086 3516; x_wconf 90' lang='lat' dir='ltr'><strong>orhat</strong></span> <span class='ocrx_word' id='word_1_202' title='bbox 1101 3441 1300 3536; x_wconf 84' lang='lat' dir='ltr'><strong>sensibus,”</strong></span> 
     </span>
     <span class='ocr_line' id='line_1_27' title="bbox 225 3556 1301 3653; baseline 0.007 -21"><span class='ocrx_word' id='word_1_203' title='bbox 225 3575 268 3632; x_wconf 84' lang='lat' dir='ltr'><strong>ut</strong></span> <span class='ocrx_word' id='word_1_204' title='bbox 283 3559 462 3634; x_wconf 88' lang='lat' dir='ltr'><strong>Ciceronis</strong></span> <span class='ocrx_word' id='word_1_205' title='bbox 474 3556 589 3635; x_wconf 86' lang='lat' dir='ltr'><strong>verbis</strong></span> <span class='ocrx_word' id='word_1_206' title='bbox 605 3569 757 3653; x_wconf 80' lang='lat' dir='ltr'><strong>utar10,</strong></span> <span class='ocrx_word' id='word_1_207' title='bbox 773 3561 797 3634; x_wconf 88' lang='lat' dir='ltr'><strong>i.</strong></span> <span class='ocrx_word' id='word_1_208' title='bbox 810 3585 841 3636; x_wconf 87' lang='lat' dir='ltr'><strong>e.</strong></span> <span class='ocrx_word' id='word_1_209' title='bbox 860 3587 986 3637; x_wconf 88' lang='lat' dir='ltr'><strong>eorum</strong></span> <span class='ocrx_word' id='word_1_210' title='bbox 1001 3563 1107 3639; x_wconf 87' lang='lat' dir='ltr'><strong>fidem</strong></span> <span class='ocrx_word' id='word_1_211' title='bbox 1123 3567 1161 3640; x_wconf 87' lang='lat' dir='ltr'><strong>ia</strong></span> <span class='ocrx_word' id='word_1_212' title='bbox 1177 3589 1301 3642; x_wconf 87' lang='lat' dir='ltr'><strong>rerum</strong></span> 
     </span>
    </p>
   </div>
   <div class='ocr_carea' id='block_1_3' title="bbox 256 3697 1043 4034">
    <p class='ocr_par' dir='ltr' id='par_1_3' title="bbox 257 3697 594 3770">
     <span class='ocr_line' id='line_1_28' title="bbox 257 3697 594 3770; baseline -0.018 -18"><span class='ocrx_word' id='word_1_213' title='bbox 257 3697 299 3766; x_wconf 82' lang='grc'><strong>(6)</strong></span> <span class='ocrx_word' id='word_1_214' title='bbox 314 3697 421 3770; x_wconf 83' lang='lat' dir='ltr'><strong>Emped.</strong></span> <span class='ocrx_word' id='word_1_215' title='bbox 438 3713 489 3750; x_wconf 79' lang='lat' dir='ltr'><strong>ras.</strong></span> <span class='ocrx_word' id='word_1_216' title='bbox 507 3697 539 3760; x_wconf 81' lang='lat'><strong>37</strong></span> <span class='ocrx_word' id='word_1_217' title='bbox 556 3713 594 3766; x_wconf 77' lang='lat' dir='ltr'><strong>aq.</strong></span> 
     </span>
    </p>

    <p class='ocr_par' dir='ltr' id='par_1_4' title="bbox 256 3783 868 3856">
     <span class='ocr_line' id='line_1_29' title="bbox 256 3783 868 3856; baseline -0.007 -12"><span class='ocrx_word' id='word_1_218' title='bbox 256 3791 298 3856; x_wconf 79' lang='lat'><strong>(7)</strong></span> <span class='ocrx_word' id='word_1_219' title='bbox 315 3790 407 3844; x_wconf 77' lang='lat' dir='ltr'><strong>Sextus</strong></span> <span class='ocrx_word' id='word_1_220' title='bbox 423 3789 495 3856; x_wconf 83' lang='lat' dir='ltr'><strong>Emp.</strong></span> <span class='ocrx_word' id='word_1_221' title='bbox 511 3785 569 3840; x_wconf 79' lang='lat' dir='ltr'><strong>adr.</strong></span> <span class='ocrx_word' id='word_1_222' title='bbox 587 3783 711 3840; x_wconf 75' lang='lat' dir='ltr'><strong>ilathem</strong></span> <span class='ocrx_word' id='word_1_223' title='bbox 732 3789 793 3846; x_wconf 80' lang='lat' dir='ltr'><strong>vll.</strong></span> <span class='ocrx_word' id='word_1_224' title='bbox 816 3805 868 3842; x_wconf 81' lang='lat' dir='ltr'><strong>raa.</strong></span> 
     </span>
    </p>

    <p class='ocr_par' dir='ltr' id='par_1_5' title="bbox 256 3876 1043 4034">
     <span class='ocr_line' id='line_1_30' title="bbox 257 3876 1043 3951; baseline 0.009 -23"><span class='ocrx_word' id='word_1_225' title='bbox 257 3880 298 3944; x_wconf 76' lang='lat' dir='ltr'><strong>(a)</strong></span> <span class='ocrx_word' id='word_1_226' title='bbox 315 3876 372 3928; x_wconf 84' lang='lat' dir='ltr'><strong>Vid.</strong></span> <span class='ocrx_word' id='word_1_227' title='bbox 389 3876 493 3944; x_wconf 83' lang='lat' dir='ltr'><strong>Emped.</strong></span> <span class='ocrx_word' id='word_1_228' title='bbox 513 3891 561 3929; x_wconf 77' lang='grc' dir='ltr'><strong><em>τοι.</em></strong></span> <span class='ocrx_word' id='word_1_229' title='bbox 579 3876 692 3930; x_wconf 64' lang='lat' dir='ltr'><strong>eruero</strong></span> <span class='ocrx_word' id='word_1_230' title='bbox 708 3885 734 3930; x_wconf 79' lang='lat' dir='ltr'><strong>et</strong></span> <span class='ocrx_word' id='word_1_231' title='bbox 751 3878 926 3932; x_wconf 79' lang='lat' dir='ltr'><strong>Commentar.</strong></span> <span class='ocrx_word' id='word_1_232' title='bbox 944 3897 968 3951; x_wconf 89' lang='grc' dir='ltr'><strong>ρ.</strong></span> <span class='ocrx_word' id='word_1_233' title='bbox 987 3881 1043 3937; x_wconf 77' lang='grc' dir='ltr'><strong><em>ο58.</em></strong></span> 
     </span>
     <span class='ocr_line' id='line_1_31' title="bbox 256 3963 497 4034; baseline -0.017 -20"><span class='ocrx_word' id='word_1_234' title='bbox 256 3967 296 4034; x_wconf 82' lang='lat'><strong>(9)</strong></span> <span class='ocrx_word' id='word_1_235' title='bbox 314 3963 371 4016; x_wconf 82' lang='lat' dir='ltr'><strong>Vid.</strong></span> <span class='ocrx_word' id='word_1_236' title='bbox 389 3979 424 4014; x_wconf 84' lang='lat' dir='ltr'><strong>vs.</strong></span> <span class='ocrx_word' id='word_1_237' title='bbox 445 3967 497 4016; x_wconf 78' lang='grc'><strong>108.</strong></span> 
     </span>
    </p>
   </div>
   <div class='ocr_carea' id='block_1_4' title="bbox 258 4051 1120 4130">
    <p class='ocr_par' dir='ltr' id='par_1_6' title="bbox 258 4051 1120 4130">
     <span class='ocr_line' id='line_1_32' title="bbox 258 4051 1120 4130; baseline 0.016 -26"><span class='ocrx_word' id='word_1_238' title='bbox 258 4053 314 4122; x_wconf 66' lang='grc' dir='ltr'><strong>(ιο)</strong></span> <span class='ocrx_word' id='word_1_239' title='bbox 329 4052 380 4105; x_wconf 82' lang='lat' dir='ltr'><strong>Cic.</strong></span> <span class='ocrx_word' id='word_1_240' title='bbox 398 4053 444 4111; x_wconf 86' lang='lat' dir='ltr'><strong>Qu.</strong></span> <span class='ocrx_word' id='word_1_241' title='bbox 462 4051 538 4106; x_wconf 73' lang='lat' dir='ltr'><strong>lead.</strong></span> <span class='ocrx_word' id='word_1_242' title='bbox 559 4055 607 4116; x_wconf 84' lang='lat' dir='ltr'><strong>IV,</strong></span> <span class='ocrx_word' id='word_1_243' title='bbox 624 4054 662 4108; x_wconf 72' lang='grc' dir='ltr'><strong>οδ.</strong></span> <span class='ocrx_word' id='word_1_244' title='bbox 678 4057 711 4110; x_wconf 76' lang='lat' dir='ltr'><strong>cf,</strong></span> <span class='ocrx_word' id='word_1_245' title='bbox 730 4056 822 4111; x_wconf 74' lang='lat' dir='ltr'><strong>Sextus</strong></span> <span class='ocrx_word' id='word_1_246' title='bbox 838 4059 934 4130; x_wconf 83' lang='lat' dir='ltr'><strong>Eropir.</strong></span> <span class='ocrx_word' id='word_1_247' title='bbox 951 4060 1012 4115; x_wconf 89' lang='lat' dir='ltr'><strong>ibid.</strong></span> <span class='ocrx_word' id='word_1_248' title='bbox 1029 4081 1048 4114; x_wconf 86' lang='grc' dir='ltr'><strong>ι.</strong></span> <span class='ocrx_word' id='word_1_249' title='bbox 1069 4066 1120 4128; x_wconf 75' lang='lat' dir='ltr'><strong>rad.</strong></span> 
     </span>
    </p>
   </div>
   <div class='ocr_carea' id='block_1_5' title="bbox 1499 56 1506 438">
    <p class='ocr_par' dir='ltr' id='par_1_7' title="bbox 1499 56 1506 524">
     <span class='ocr_line' id='line_1_33' title="bbox 1499 56 1506 184; baseline 0 0"><span class='ocrx_word' id='word_1_250' title='bbox 1499 56 1506 184; x_wconf 80' lang='lat' dir='ltr'><strong>l</strong></span> 
     </span>
     <span class='ocr_line' id='line_1_34' title="bbox 1500 277 1506 438; baseline 0 20"><span class='ocrx_word' id='word_1_251' title='bbox 1500 277 1506 438; x_wconf 77' lang='grc' dir='ltr'><strong><em>ι</em></strong></span> 
     </span>
    </p>
   </div>
   <div class='ocr_carea' id='block_1_6' title="bbox 0 0 1512 4840">
    <p class='ocr_par' dir='ltr' id='par_1_8' title="bbox 0 0 1512 4840">
     <span class='ocr_line' id='line_1_35' title="bbox 0 0 1512 4840; baseline 0 0"><span class='ocrx_word' id='word_1_252' title='bbox 0 0 1512 4840; x_wconf 95' lang='lat' dir='ltr'><strong> </strong></span> 
     </span>
    </p>
   </div>
  </div>
 </body>
</html>
