2958 4822
474 399 557 450 vrrs
580 405 625 450 nr
647 405 790 452 srunus.
1124 392 1160 452 61

104 559 289 664 lzrss¹⁸⁰‚
308 567 454 668 aliisque
476 568 616 662 multis,
632 570 707 643 sive
724 567 894 644 brevibus
914 570 1166 669 pmduoendis3

107 686 244 760 iteruin
267 686 443 781 hiatibus,
470 689 572 790 cujus
599 703 724 762 tamen
750 691 888 788 generis
915 691 1028 764 multa
1055 688 1167 763 libra-

108 807 232 880 riorum
275 807 455 884 debentur
486 810 661 901 inscitiae,
702 835 795 910 quae
832 836 993 910 magnam
1030 823 1168 910 partem

107 927 255 1004 abstersi,
311 929 488 1008 Universe
520 957 604 1006 vero
642 933 679 1004 in
714 956 887 1021 versuum
919 930 1169 1030 compositione

107 1052 234 1124 serioris
256 1053 336 1126 aevi
357 1054 467 1151 poetis
485 1079 597 1153 quam
618 1053 773 1153 antiquis
794 1052 936 1153 propior
960 1067 1022 1128 est.

147 1173 292 1247 Praeter
325 1175 446 1272 poesin
488 1175 600 1275 attigit
632 1201 778 1276 quoque
811 1175 1024 1268 rhetoricen,
1059 1201 1168 1276 qnam

105 1292 181 1368 adeo
200 1307 317 1372 artem
341 1295 389 1369 ab
412 1295 598 1393 Aristotele
624 1295 739 1368 dictus
767 1310 820 1369 est
844 1295 982 1396 primus
1012 1321 1169 1368 commo-

106 1415 184 1489 visse
204 1419 287 1508 ¹⁸²,
316 1415 426 1516 idque
457 1401 587 1516 partim
609 1415 758 1518 quidem
781 1415 944 1516 exemplo
970 1442 1056 1507 suo,
1081 1443 1170 1515 par·

105 1536 160 1608 dm
188 1537 316 1630 etiam,
350 1551 393 1612 ut
418 1537 577 1628 videtur,
605 1535 820 1636 praeceptis,
852 1549 1032 1637 quantum
1054 1535 1169 1634 colligi
1247 1621 1250 1628 Ι

104 1655 175 1732 licet
203 1685 253 1734 ex
283 1685 325 1734 eo
348 1658 445 1759 quod
465 1661 609 1757 Gorgias
628 1658 723 1732 illius
744 1657 940 1756 discipulus
960 1656 1072 1730 fuisse
1093 1671 1170 1729 tra-

104 1777 203 1854 ditur.
256 1780 383 1874 Qualis
400 1793 520 1854 autem
538 1779 711 1853 rhetorica
731 1777 954 1877 Empedoclis
969 1803 1024 1850 ars
1041 1777 1170 1870 fuerit,

104 1899 221 1975 indicia
237 1889 417 2002 quaedam
435 1899 631 1992 declarant,
654 1913 696 1972 ut
713 1895 931 1998 epigramma
951 1897 1043 1973 illud
1061 1923 1168 1998 supra

105 2036 334 2096 memoratum
360 2021 398 2094 in
423 2023 598 2094 Acronem
620 2019 817 2094 medicum:
1033 2019 1034 2024 ’

81 2241 85 2248 ,
165 2143 266 2242 ἄκρον
287 2145 389 2242 ἰητρὸν
402 2135 538 2240 ’Ἄκρων’
558 2139 811 2240 Ἀκροιγαντίνον
828 2142 952 2239 πατρὸς
971 2141 1070 2239 ἄκρον

165 2273 304 2365 κρύπτει
327 2266 461 2364 κρημνος
483 2265 581 2362 ἄκρος
601 2260 762 2361 πατρίδος·
777 2259 974 2359 ἄκροτοίτνς.

104 2386 196 2488 cnjus
224 2389 328 2489 elogii
358 2411 500 2462 sensum
529 2401 566 2458 et
593 2387 743 2483 figuram
771 2383 827 2454 his
852 2383 1031 2458 versiculis
1051 2381 1168 2455 latinis

104 2507 244 2582 reddere
269 2509 426 2599 tentavi,
441 2501 590 2607 ’Ἄκρωνα
614 2505 758 2577 Celsum
783 2527 924 2577 vocans:
1070 2610 1074 2618 Ι

143 2631 222 2702 Hic
242 2629 385 2702 Celsum
403 2631 500 2702 celso
518 2627 696 2702 nsedicum
714 2623 853 2696 medico
865 2635 977 2719 patre
994 2635 1121 2696 natum

190 2751 378 2824 Excelsoe
398 2752 560 2822 tumulus
580 2749 699 2821 celsus
721 2744 832 2816 tabes
846 2745 1009 2840 patriae.

105 2869 199 2963 Quae
221 2873 252 2945 si
273 2871 458 2946 rhetorum
484 2896 581 2944 more
606 2864 773 2967 persequi
802 2863 990 2958 vellemus,
1016 2865 1169 2940 notanda

107 3010 186 3066 esset
207 2995 437 3092 παρονομασία
457 2994 496 3064 in
519 2987 698 3068 vocabulis
720 2986 817 3084 ἄκρος
840 2999 877 3058 et
900 2977 1044 3084 Ἄκρον,
1073 2986 1169 3087 quod

106 3113 261 3189 valetud
287 3115 480 3209 invidiam,
508 3115 594 3186 item
618 3111 656 3182 in
679 3110 803 3206 πατρὸς
828 3107 928 3206 ἄκρου
954 3124 990 3184 et
1012 3107 1170 3207 πατρίδος
1223 3102 1228 3120 ’

106 3231 305 3334 ἄκροτᾶτνρς,
327 3239 366 3310 in
389 3238 459 3310 fine
489 3233 666 3333 cujusque
689 3231 831 3324 verule,
852 3243 933 3302 tum
960 3229 1171 3332 ambiguitas

105 3357 289 3434 verborum
311 3358 445 3457 κρημνὸς
464 3355 561 3453 ἄκρος
582 3348 738 3449 πατρίδος
762 3348 968 3448 ἄκροτᾶτκς,
987 3351 1084 3450 quod
1105 3352 1170 3450 sig-

106 3478 215 3553 nificat
233 3495 270 3555 et
290 3481 497 3578 sepulcrum
518 3502 544 3548 α
564 3474 714 3546 civitate
731 3485 953 3544 exstructum
961 3526 976 3560 ,
997 3485 1033 3544 ct
1054 3473 1171 3570 ipsius

20 3709 21 3780 ἶ
135 3736 206 3803 (rso)
222 3736 283 3789 vu
300 3751 351 3788 m.
373 3731 432 3796 ιοο,
457 3735 511 3803 1s9.

20 3821 21 3834 ²
134 3827 204 3892 (181)
220 3825 341 3884 testatur
351 3823 378 3876 id
390 3823 482 3876 Sextus
493 3817 675 3890 ump.v11‚6;
687 3815 886 3881 Ἐμπεδοκλέα
894 3815 944 3880 μίν
954 3815 1030 3884 qdod
1041 3811 1172 3883 'Apsoro-

20 3905 21 3920 ’
107 3915 179 3984 τίλνρς
191 3918 256 3985 φησί
270 3917 381 3987 πρὸτον
398 3915 543 3985 ῥητορικὴν
559 3913 739 3980 κεκινηκέναι.
762 3907 926 3962 Aristotelem
940 3907 989 3958 hoe
1004 3907 1133 3975 scripsisse
1144 3908 1170 3958 ln

107 4005 224 4076 Sophiste,
236 4006 375 4078 deperdito
386 4005 465 4064 libro,
475 4005 546 4058 addit
557 4004 684 4082 laertius,
696 4003 776 4061 vsu.
787 3999 828 4063 57.
839 3997 873 4052 cl.
885 3996 1004 4058 Quinctil.
1017 3998 1070 4056 stt,
1086 4011 1106 4058 r,
1117 4013 1137 4047 s.
1148 3999 1170 4048 s.

107 4095 183 4150 schot
195 4099 219 4152 in
232 4099 339 4166 Dionys.
351 4098 442 4152 Thrac.
454 4096 480 4148 in
490 4093 598 4148 nester.
612 4093 702 4149 tnecd.
719 4109 742 4158 p.
754 4090 801 4154 733
811 4107 849 4158 sq.
