3016 4840
561 441 564 445 .
622 405 860 456 anuosorms.
1103 382 1110 388 ’
1213 393 1277 456 309

255 573 348 648 llaec
363 571 440 646 lere
456 563 542 645 sunt
557 595 652 672 quae
667 569 706 644 in
721 571 942 672 Empedoclis
953 573 1112 648 versibus
1125 567 1276 676 abrupte

204 695 396 794 leguntur,
427 716 449 766 e
479 689 613 793 quihus
638 692 705 766 triu
728 693 951 791 potissimum
975 693 1089 794 colligi
1112 709 1276 794 possunt:

204 816 386 914 primum,
405 811 603 888 ahstmsnm
618 815 702 886 esse
729 827 766 886 et
788 819 937 889 arduam
961 814 1099 890 homini
1127 830 1277 892 naturae

202 934 458 1035 cognitionem
478 957 603 1033 porro,
624 932 791 1009 obscuros
809 949 847 1010 et
864 935 1005 1012 fallaces
1025 963 1174 1028 sensus,
1199 963 1278 1012 res-

202 1081 277 1157 que
297 1054 381 1130 alias
402 1079 506 1152 saepe
524 1052 568 1127 iis
589 1052 720 1143 videri,
739 1055 823 1128 alias
840 1059 965 1146 reveri
987 1082 1079 1153 esse,
1102 1056 1291 1158 denique,

203 1201 278 1252 non
300 1175 461 1252 humant
486 1199 568 1274 ope,
590 1172 652 1248 sed
673 1173 794 1250 divino
813 1176 932 1274 potius
954 1178 1126 1253 instinctu
1147 1181 1279 1277 sapien·

203 1297 289 1372 tiam
314 1295 413 1396 pari,
442 1319 596 1396 eamque
624 1293 712 1368 adeo
737 1320 823 1370 cum
844 1299 1028 1374 sanctitate
1051 1313 1089 1374 et
1110 1299 1278 1374 modestia

202 1443 277 1493 esse
297 1417 534 1520 conjunctam.

250 1539 388 1613 Horum
424 1539 586 1639 primum
618 1553 655 1613 et
686 1537 841 1614 alterum
864 1541 1004 1642 saepius
1026 1543 1139 1640 tangit
1160 1540 1281 1616 Cicero

201 1661 239 1735 in
264 1662 425 1754 Qunestt.
454 1657 692 1758 Academicis,
722 1665 822 1739 unde
845 1665 1032 1752 discimus,
1055 1661 1280 1736 Academicos

204 1782 260 1856 vel
280 1781 453 1881 Scepticos
478 1779 615 1880 potius,
647 1785 858 1859 nominatim
886 1783 1097 1877 Arcesilam,
1124 1797 1168 1857 ut
1189 1783 1280 1857 alio·

201 1927 285 1976 rum
314 1915 479 1977 veterum
507 1901 557 1974 sic
584 1903 808 2002 Empedoclis
834 1929 981 2004 quoque
1001 1903 1095 1976 dicta
1116 1905 1155 1976 in
1177 1929 1279 1978 suam

200 2023 414 2098 sententiam
446 2025 692 2122 interpretatos
727 2049 823 2120 esse,
854 2026 957 2125 quasi
994 2021 1055 2097 ille
1093 2037 1281 2118 statueret,
1364 2097 1366 2102 .

200 2143 315 2220 »nihil
330 2144 503 2245 cognosci,
523 2141 614 2216 nihil
634 2145 787 2244 percipi,
805 2143 896 2218 nihil
915 2144 996 2218 seiri
1016 2169 1134 2244 posse:
1154 2169 1281 2245 angus·

201 2278 253 2340 us
270 2289 412 2356 sensus,
429 2262 621 2339 imbecillos
637 2262 792 2358 animos,
810 2265 931 2340 brevia
949 2263 1127 2338 curricula
1147 2263 1279 2355 vitae,''

200 2383 359 2486 deniqne
375 2383 516 2459 comnia
533 2383 689 2458 tenebris
704 2384 920 2458 circumfusa
934 2383 992 2458 ⁴.'’
1020 2383 1131 2476 llaec,
1148 2387 1279 2484 quam·

199 2529 311 2605 quum
337 2527 385 2579 ex
412 2502 496 2602 ipsis
521 2501 747 2603 Empedoclis
769 2501 887 2579 verbis
912 2503 1039 2598 ducta,
1059 2517 1179 2576 tamen
1204 2528 1278 2576 non

200 2649 331 2724 parum
358 2638 462 2699 sucta
491 2638 589 2699 sunt
640 2623 847 2698 Restrictius
880 2621 1056 2696 Lucullus
1088 2621 1157 2696 illis
1187 2647 1280 2696 con·

200 2742 424 2820 tradicens⁵2
450 2745 537 2819 »lui
555 2742 770 2844 philosophi,
791 2743 926 2844 inquit,
943 2769 1043 2818 raro
1067 2742 1278 2835 admodum,

200 2892 319 2967 quum
345 2865 495 2942 haerent
524 2865 647 2966 aliquo
674 2865 769 2958 loco,
798 2863 998 2938 exclamant
1022 2863 1124 2964 quusi
1155 2875 1277 2936 mente

201 2988 357 3081 incitati,
377 2986 607 3088 Empedocles
631 2985 798 3086 quidem,
824 2999 869 3059 ut
888 2983 1072 3060 interdum
1093 2982 1181 3056 mihi
1207 2983 1277 3057 fu·

200 3133 280 3182 rere
299 3107 465 3200 videatur
480 3109 524 3208 (si
544 3108 698 3181 furere
714 3107 760 3180 de
775 3103 914 3206 politico
930 3103 1054 3177 ardore
1070 3103 1276 3203 intelligas),

200 3229 361 3304 abstrusa
381 3255 456 3305 esse
475 3229 611 3322 omnia,
635 3226 725 3300 nihil
746 3253 810 3300 nos
828 3226 974 3316 sentire,
999 3223 1090 3296 nihil
1110 3249 1276 3310 cernere,

198 3347 289 3424 nihil
312 3352 461 3424 omnino
480 3348 588 3450 quale
612 3349 657 3422 sit
674 3371 777 3447 posse
802 3343 993 3445 reperire.”
1043 3345 1275 3444 Quamquam

198 3496 246 3547 ne
265 3470 353 3544 haec
375 3470 521 3570 quidem
541 3470 648 3568 plane
668 3466 882 3568 respondere
901 3465 1072 3543 videntur
1096 3463 1275 3565 Empedo-

198 3591 260 3666 clis
285 3593 498 3684 sententiae;
525 3591 565 3664 in
587 3589 750 3666 versibus
777 3601 872 3662 certe
898 3586 993 3686 ejus,
1014 3613 1110 3686 quos
1135 3587 1276 3684 antiqui

198 3712 266 3788 hae
285 3713 331 3786 de
351 3737 392 3787 re
408 3709 616 3812 proferunt,
640 3735 714 3784 non
735 3709 818 3782 dicit
841 3705 957 3779 nihil
977 3705 1136 3804 cognosci
1157 3731 1273 3804 posse,

200 3832 258 3907 sed
276 3833 533 3911 universum
548 3825 697 3930 perspici
710 3853 809 3929 posse
820 3826 992 3928 negat3de
1002 3825 1070 3900 hoc
1080 3823 1271 3924 praedicat:

233 3999 276 4066 (l)
290 3999 381 4052 cicero
397 3999 445 4060 Qu.
464 3995 541 4050 lead.
559 3997 588 4062 1,
609 4012 646 4048 ra.
681 3954 719 4048 Ci.
735 3993 843 4084 Emped.
861 4008 909 4047 rte.
927 3990 1043 4046 laudatus
1059 3997 1113 4043 not.
1134 4007 1153 4042 r.

233 4087 274 4156 (5)
291 4087 388 4179 lbidern
405 4089 449 4152 tv,
471 4085 494 4139 5.
