3006 4830
272 317 335 378 220
669 317 946 368 conunnranrue

271 494 327 572 Qui
347 511 461 566 rerem,
491 486 623 572 quamvis
644 507 707 547 non
730 487 875 570 optimus,
900 483 969 545 ferri
990 493 1093 543 tamen
1117 482 1235 565 possit,
1265 481 1364 564 priore
1445 531 1449 540 .

271 597 387 682 syllaba
407 592 546 656 vocabuli
567 601 647 674 ἴχνος
671 601 824 673 correpta,
848 591 960 672 pariter
980 599 1014 648 ut
1034 608 1076 648 ve.
1102 587 1167 648 155
1190 586 1312 647 lactum
1333 586 1366 645 in

271 726 300 766 v.
329 711 438 784 ςνχνν,
466 709 496 760 et
523 699 683 781 posteriore
707 694 842 778 ejusdem
862 689 1002 754 vocabuli
1023 690 1181 776 producta
1203 691 1234 751 ri
1257 712 1366 753 arseos.

271 809 386 868 Durum
406 816 507 866 tamen
529 803 607 880 hoo5
628 802 770 885 quocirca
790 797 896 861 melius
913 797 988 858 duxi
1003 819 1058 880 pro
1070 805 1161 880 lxm
1177 803 1364 866 bnamma

272 933 326 995 per
352 911 461 972 tmesin
489 907 614 969 scribere
643 907 686 974 ἀν’
710 912 792 986 ἴχνος
816 909 970 972 tatemer.
991 939 1024 950 -
1041 897 1196 987 'emme
1217 915 1301 986 lxm
1322 917 1365 966 est

272 1015 453 1078 accusativus
460 1059 470 1089 ,
483 1014 535 1095 qui
548 1010 660 1095 pendet
673 1009 711 1071 ab
725 1015 920 1085 ἀνολίοοοιαο,
930 1031 969 1070 ex
983 1010 1090 1070 usitato
1103 1009 1262 1094 loquendi
1273 1009 1365 1070 modo

272 1127 430 1204 mamm
450 1123 517 1186 aila.
538 1123 747 1192 ἀναλίσκοιμι,
774 1127 808 1177 ut
827 1115 930 1176 Latine
950 1116 1063 1176 recolui
1082 1114 1239 1176 dicuntur
1257 1113 1363 1174 sidera.
1395 1141 1403 1162 ·

273 1221 351 1301 Sici
375 1228 502 1306 ἰονιλοξος
523 1224 556 1284 in
578 1223 695 1284 Platon·
715 1225 937 1302 ἀναστρέφεσθαι
952 1219 1062 1296 ¹eodem
1086 1241 1183 1280 sensu
1206 1221 1243 1280 in
1266 1219 1364 1279 'limo-

272 1334 318 1394 uis
350 1353 433 1394 uersu
458 1327 540 1413 apud
567 1327 648 1388 Sext.
671 1329 756 1410 limp.
778 1327 846 1387 adv.
867 1323 957 1388 lieth.
978 1327 1010 1401 1,
1037 1345 1059 1384 ι.
1082 1323 1160 1388 305.
1207 1323 1362 1385 Caeterum

273 1439 366 1498 Stura.
387 1455 502 1496 vasum
525 1431 616 1492 finxit
634 1430 744 1492 talam:
1077 1441 1080 1454 ·

432 1546 447 1613 a
466 1546 528 1620 sepi
547 1546 597 1620 νῦν
617 1543 654 1612 ὥς
673 1542 800 1618 ἅρματος
818 1545 900 1619 ἴχνος
918 1543 1065 1608 tatem
1088 1543 1192 1619 ἄκραν.

316 1645 364 1705 Vs.
396 1643 463 1706 190.
505 1657 673 1722 noemma
699 1647 787 1719 κτλ.)
828 1645 935 1704 Versus
962 1663 1135 1726 expressus,
1165 1653 1203 1702 ut
1227 1639 1363 1712 ridetur,

275 1773 291 1812 o
313 1747 503 1827 parmenide,
528 1749 581 1832 qui
602 1747 737 1808 similiter
758 1769 801 1807 rs.
825 1747 883 1809 143
904 1747 1011 1808 lunam
1031 1759 1120 1808 vocat

241 1909 245 1921 ,
372 1913 378 1922 ,
396 1859 552 1936 νυκτιφαὲς
570 1861 631 1933 errat
651 1865 740 1934 γαῖαν
758 1857 900 1932 ἑλόμενον
918 1858 1123 1934 baniurae
1150 1857 1240 1934 Φῶς.

318 1963 367 2021 Vs.
390 1961 458 2022 191.
502 1966 578 2041 dtas?
595 1973 647 2039 pta
666 1970 721 2041 pap
742 1965 826 2036 αολ.)
868 1961 945 2020 liaeo
965 1957 1073 2035 verba,
1101 1958 1301 2020 manifestum
1321 1963 1363 2016 est

276 2067 314 2126 ad
335 2067 441 2126 lunam
461 2067 626 2149 pertinere3
650 2063 783 2126 similiter
802 2066 874 2124 item
892 2063 1082 2125 Parmenides
1101 2084 1145 2126 ve.
1169 2063 1247 2124 144:

498 2177 554 2239 alal
574 2179 770 2238 παπταίνουσα
791 2178 858 2250 πονο
877 2171 970 2251 tiphe
990 2174 1099 2241 ιἰιλίοοο.

275 2279 343 2340 idco
367 2282 444 2359 &apat
467 2277 570 2360 scripsi
597 2296 652 2360 pro
678 2253 763 2357 λιμοι.
804 2273 992 2337 Memorabile
1016 2285 1059 2336 est
1076 2271 1268 2336 vocabulum
1288 2277 1361 2352 ἀγῆς

276 2382 375 2468 (cujus
389 2404 490 2444 caussa
505 2404 521 2442 a
535 2386 730 2465 grammatico
744 2379 817 2441 haec
831 2379 974 2458 citantur)
989 2401 1044 2462 pro
1055 2380 1228 2462 composito
1240 2383 1359 2459 νῦιγῆς,

276 2509 337 2572 quo
367 2489 461 2548 utitur
486 2485 675 2547 Parmenides
700 2507 742 2546 vs.
770 2484 845 2545 1³3:
877 2493 997 2566 salapiae
1019 2490 1136 2566 ονὀανίος
1155 2491 1258 2558 νἰολίοοο
1281 2488 1357 2566 ἔργα.

276 2590 335 2652 hoc
354 2591 511 2666 usitatum,
533 2588 610 2650 illud
628 2609 698 2648 vero
719 2589 850 2650 insolens
868 2602 897 2652 et
913 2588 952 2651 ab
968 2590 1161 2674 Empedocle‚
1182 2603 1219 2653 ut
1232 2589 1359 2662 ridetur,

276 2695 406 2768 factum,
426 2693 559 2754 similiter
579 2703 613 2754 ut
631 2699 743 2768 ἣνινιινς
759 2716 814 2777 pro
832 2700 987 2773 διηνεκέως,
1006 2719 1049 2758 νο.
1067 2696 1138 2760 405.
1175 2697 1235 2759 Sed
1250 2695 1288 2755 de
1301 2693 1358 2775 sig·

277 2797 451 2860 nificatione
475 2801 627 2882 utriusque
647 2799 787 2860 vocabuli
809 2801 888 2862 iuter
907 2806 1115 2886 grammaticos
1137 2825 1204 2864 non
1224 2809 1357 2874 coustat3

277 2923 338 2984 qua
361 2901 398 2963 de
421 2925 453 2964 re
472 2923 537 2962 non
566 2924 641 2985 opus
666 2915 709 2964 est
731 2915 863 2986 repetere
885 2928 962 2989 quae
986 2909 1113 2991 exposui
1135 2908 1169 2968 in
1193 2911 1356 2968 comment.

277 3010 413 3070 Parmen.
434 3026 466 3090 p.
485 3005 544 3067 122
561 3028 606 3090 eq.
624 3008 676 3069 ubi
697 3014 803 3091 αἰανὴς
823 3012 1032 3093 interpretatus
1049 3033 1115 3074 sum
1133 3019 1266 3095 ἀγλαός,
1282 3025 1356 3090 λαμ·

278 3121 361 3194 προς,
382 3111 420 3174 ab
439 3118 497 3195 hya
519 3134 543 3174 s.
568 3119 643 3196 αὒγλ
668 3114 843 3176 derivatum.
884 3117 987 3200 Neque
1006 3117 1087 3178 illius
1106 3114 1356 3203 interpretationis

279 3217 380 3280 adhuc
397 3241 445 3280 me
462 3219 612 3302 poenitet,
630 3241 815 3304 quemquam
831 3241 889 3281 nec
903 3219 1028 3282 alteram
1042 3223 1245 3305 spernendam
1263 3229 1353 3305 puto,

279 3345 339 3408 qua
362 3333 447 3384 notet
467 3323 546 3384 idem
568 3324 650 3406 quod
670 3331 770 3407 ἄγοος,
791 3347 891 3398 ancer,
912 3324 1027 3408 duplici
1046 3347 1150 3405 sensu,
1171 3324 1355 3390 amandus

279 3430 326 3490 rel
347 3430 547 3505 detestandae,
568 3429 644 3490 sicut
665 3430 766 3512 placet
785 3431 895 3492 llaelio
917 3432 949 3490 in
975 3429 1099 3494 Choeril.
1122 3453 1154 3516 p.
1172 3431 1232 3494 179
1242 3477 1251 3510 ‚
1271 3425 1353 3492 adhi-

279 3533 363 3596 benti
386 3534 470 3595 hunc
495 3535 687 3617 llipponactis
710 3557 825 3596 versum
847 3533 928 3618 apud
950 3537 1082 3597 'lacteam
1106 3540 1138 3598 in
1161 3533 1353 3622 lycophron.

280 3662 322 3702 vs.
346 3639 420 3702 436:
444 3647 479 3717 ὥς
501 3647 528 3708 οἱ
546 3653 598 3720 μὲν
618 3648 687 3722 lyei
705 3651 839 3725 Βοναίλςι
857 3653 1028 3722 amedaeo·
1050 3645 1115 3720 Qua
1137 3652 1280 3728 potestate
1302 3636 1351 3696 de-

280 3746 407 3806 rivatum
438 3757 481 3806 est
510 3746 549 3808 ab
576 3753 695 3830 ἅζομαι,
724 3747 805 3808 unde
838 3757 867 3808 et
891 3753 962 3828 ἄγος
990 3759 1020 3808 et
1040 3752 1097 3829 ἄγοι
1117 3753 1257 3828 (θάμβος.)
1295 3740 1351 3804 Etsi

281 3861 407 3934 utraque
434 3851 612 3934 significatio
640 3852 731 3914 habet
754 3875 816 3937 quo
837 3875 867 3914 se
888 3865 1021 3931 tueatur,
1045 3855 1235 3936 posteriorem
1253 3861 1350 3910 tamen

226 3969 227 3972 ’
281 3951 424 4016 hocloco
443 3956 669 4039 praeferendam
689 3968 775 4040 puto.
817 3958 955 4020 Similiter
972 3965 1058 4027 πόλιν
1078 3967 1160 4042 dycta
1179 3957 1291 4020 dictum
1309 3951 1350 4012 ri·
