2968 4838
577 439 815 492 rnrsosorum.
1028 477 1031 484 .
1164 439 1227 502 469

156 593 338 693 pedoclem
363 611 405 670 ut
428 601 551 672 ceteris
575 603 613 674 in
636 605 742 681 rebus
766 609 1002 704 naturalibus,
1031 615 1078 686 sic
1102 615 1138 686 io
1165 642 1224 690 se-

155 717 257 792 mine
280 745 427 820 quoque
447 722 638 818 postulasse
663 741 781 824 aptam
798 731 977 828 quandam
999 759 1167 832 pororum
1189 751 1225 810 et

154 837 390 914 effluxionum
408 847 612 942 συμμετρία
629 846 834 950 justamque
853 853 1079 948 temperiem,
1097 870 1140 927 ut
1157 859 1225 931 l'oe·

154 973 215 1034 tus
225 965 385 1060 generari
396 967 512 1064 possit.
545 970 597 1042 De
613 969 793 1044 mulorum
806 987 925 1046 autem
938 974 1116 1050 sterilitate
1128 977 1224 1076 quod

155 1077 367 1158 Plutarchus
400 1087 438 1158 in
465 1088 603 1162 Placitis
631 1091 756 1184 refert,
784 1095 1033 1192 Empedoclem
1067 1121 1227 1170 caussam·

154 1201 281 1277 dixisse
310 1207 598 1308 την-σμικρότητα
626 1215 683 1287 καὶ
712 1216 931 1303 ταπεινότητα
959 1219 1015 1292 aa>
1043 1219 1225 1306 στενότητα

154 1329 212 1414 τῆς
222 1325 348 1424 μήτρας
360 1343 434 1407 ατλ.
449 1331 484 1404 id
496 1333 686 1407 Aristotelis
696 1337 891 1410 testimonio
905 1336 1132 1436 redarguitur
1143 1349 1184 1390 ²⁴
1193 1352 1222 1412 ¹.

152 1446 435 1524 convenientius
458 1467 510 1526 est
534 1453 603 1528 hoc
628 1457 815 1530 Democriti
839 1457 963 1556 placito
985 1485 1142 1532 caussam
1168 1459 1227 1532 di·
1284 1501 1288 1515 ·

153 1571 282 1660 centis,
311 1565 407 1671 quod
436 1579 529 1648 uteri
554 1591 691 1652 meatus
720 1581 759 1650 in
782 1578 891 1653 mulis
913 1581 1070 1677 corrupti
1092 1595 1224 1671 emerit,

153 1686 346 1788 διεφθάρθαι
369 1695 447 1782 τοὺς
469 1697 584 1793 πόρους
608 1703 669 1774 τόν
689 1700 817 1794 ἡμιόνων
835 1697 867 1774 ἓν
884 1704 956 1780 ταῖς
978 1702 1127 1798 ὑστέραις
1147 1711 1224 1778 ²⁴².

631 1951 660 2035 ς
684 1955 739 2013 32.

301 2131 362 2203 De
384 2134 506 2232 fhetrls
533 2151 636 2222 ortu,
650 2136 900 2234 formatione,
925 2150 1047 2232 partu.

393 2256 456 2328 De
479 2259 594 2345 lacte,
619 2257 770 2346 sudore,
797 2259 983 2356 lacrymis.

200 2421 386 2519 Pergimus
410 2448 503 2521 quae
528 2423 571 2496 ad
590 2425 684 2498 fetds
707 2427 969 2523 generationem
989 2439 1148 2524 spectant
1165 2451 1228 2500 ex-

151 2569 296 2642 ponere.
346 2546 449 2637 Quae
470 2570 589 2618 caussa
613 2547 656 2618 sit
686 2571 751 2620 cur
775 2546 832 2622 vel
860 2571 973 2618 mares
993 2545 1051 2618 vel
1071 2545 1225 2620 feminae

151 2680 353 2759 noscantur,
385 2690 456 2738 non
485 2667 652 2738 convenit
677 2667 771 2738 inter
798 2667 978 2764 antiquos3
1004 2667 1225 2764 Anaxagoras
1262 2721 1266 2728 ‚

151 2785 238 2860 ab
227 2812 332 2916 ipso
335 2788 469 2890 semine
503 2785 693 2858 discrimen
730 2809 874 2884 repe,
815 2787 857 2858 tit
909 2783 1138 2884 Empedocles
1178 2788 1223 2861 ab

151 2921 268 2982 utero:
291 2871 338 2984 vti
357 2912 417 3002 ptr
436 2934 505 3006 γαρ
526 2905 640 3004 εθςθερ
609 2908 702 3004 ερμην
725 2904 913 2984 ἐλθόντα
878 2936 935 2996 την
957 2908 1152 3004 ὑστέρανἫ
1111 2937 1167 3006 αρρ
1152 2908 1226 3004 όενα

151 3027 298 3127 γίνεσθαί
328 3035 431 3124 φησι,
459 3026 548 3104 ταό
550 3027 625 3110 ἐις
647 3025 856 3128 ψυχραν,θ
858 3028 946 3116 ηλεα·
974 3033 1031 3118 τῆς
1053 3027 1089 3106 tt
1111 3028 1224 3128 θερμό-

183 3295 257 3362 (aln)
272 3292 402 3344 Plutarch.
414 3291 483 3344 Plac.
494 3291 556 3362 phil.
567 3295 597 3358 V,
611 3293 654 3357 ιόρρ
667 3293 729 3346 item
742 3293 827 3346 Galen.
836 3294 898 3347 nist
910 3292 975 3346 Phil.
988 3295 1099 3346 xxxu.
1132 3295 1222 3346 Nescio

150 3393 237 3438 tamen
256 3401 287 3435 aa
304 3383 409 3452 utrique
423 3381 466 3433 hic
480 3399 555 3434 error
567 3383 716 3435 eximendus
727 3384 759 3436 sit
771 3383 880 3436 delendo
894 3387 998 3439 nomine
1016 3385 1221 3454 Ἐμπεδοκλῆς,

149 3473 219 3545 quod
237 3489 252 3525 e
270 3473 387 3542 sequenti
404 3471 523 3541 Διοκλῆς
539 3471 613 3525 focile
628 3473 746 3540 irrepere
761 3473 861 3542 potuit;
879 3490 930 3544 qua
948 3479 1047 3528 ratione
1065 3477 1127 3529 haee
1143 3477 1221 3530 verba

148 3567 320 3630 jungerentur
336 3578 394 3612 cum
411 3561 636 3622 antecedentibus,
654 3559 748 3628 quibus
765 3560 922 3612 Alcmaeone
941 3562 1064 3644 placitum
1077 3565 1223 3631 exponitur,

150 3651 200 3702 hoc
223 3650 312 3704 modos
339 3649 496 3716 ἷΛλιιμαλςιν
520 3656 575 3704 τῶν
598 3651 713 3718 ἡμιόνων
737 3652 802 3710 τοὺς
818 3650 867 3715 μὲν
883 3651 998 3720 όρῥενας
1018 3655 1130 3721 ἀγόνους
1147 3659 1223 3722 παρὰ

149 3749 201 3812 τὴν
221 3744 382 3812 λεπτότητα
400 3751 448 3813 τῆς
466 3749 553 3813 θορῆς
572 3779 578 3794 .
598 3779 605 3792 .
624 3779 631 3795 ·
652 3748 699 3803 τὰς
719 3743 752 3796 δὲ
768 3745 888 3812 θηλείας
902 3750 977 3815 παρὰ
995 3749 1080 3814 τὸμὴ
1098 3749 1221 3814 ἀναχάν-

149 3859 207 3892 ιιειν
227 3842 277 3898 τὰς
292 3845 413 3908 μήτρας,
436 3841 450 3891 e
469 3841 542 3890 ἐστιν
562 3837 790 3902 (tructemundus
809 3840 890 3910 (υθτνι
910 3841 962 3908 γὰρ
978 3828 1064 3898 ,diris
1083 3839 1219 3909 εἴρηκεν),

150 3934 197 3984 διὰ
213 3935 264 4002 την
281 3935 448 4000 σμικρότητα
465 3951 511 3982 ιιαι
503 3932 716 4002 ’ταπεινότητα
732 3935 779 3985 aul
798 3933 953 4000 στενότητα
971 3939 1018 4000 τῆς
1037 3938 1143 4002 μήτρας
1164 3934 1221 3987 ιιτλ.

149 4022 218 4074 llaec
234 4025 331 4092 optime
348 4026 496 4078 cohaerent.

182 4113 255 4180 (τόν)
274 4114 377 4166 Aristot.
396 4115 428 4168 de
446 4116 505 4167 Gen.
527 4123 553 4167 et
573 4115 645 4167 Gorr.
660 4115 677 4166 l
695 4115 711 4166 l.
729 4132 752 4183 p.
773 4102 868 4169 otoo.
