2952 4836
253 369 317 431 384
649 381 696 428 nn
717 379 933 430 nununccms

251 561 408 648 possent,
442 549 470 620 si
507 547 609 640 modo
643 549 682 620 in
710 573 830 620 unum
857 556 988 619 cuneta
1012 540 1332 635 contraherentur,

252 671 357 746 modo
373 695 500 744 rursus
515 670 554 742 in
570 669 709 744 diversa
725 667 996 757 dividerentur,
1013 663 1120 738 modo
1135 663 1208 738 sola
1226 665 1332 738 Ami-

252 794 355 881 eitia,
380 790 484 866 modo
506 791 682 865 Discordia
715 803 897 890 regnaret:
922 811 1064 862 necesse
1087 787 1185 860 euim
1212 787 1330 872 foret,

251 913 458 990 dominante
483 915 612 1008 altero,
633 915 785 990 alterum
811 937 1045 1002 evanescere,
1071 925 1108 984 et
1133 911 1184 984 sic
1206 925 1333 986 muta-

253 1037 298 1108 tis
326 1035 465 1110 vicibus
487 1063 529 1111 ea
551 1038 730 1138 exstingui
758 1051 934 1137 perpetuo
959 1059 1000 1108 ac
1021 1059 1147 1108 rursus
1178 1031 1332 1108 revivis-

252 1183 351 1252 cere;
365 1183 437 1232 non
456 1185 543 1233 vero
558 1173 702 1260 possent
719 1183 795 1232 esse
815 1171 971 1248 aeterna,
987 1156 1079 1228 sicut
1092 1153 1151 1227 ille
1165 1151 1330 1226 affirmat.

301 1280 431 1352 Forma
455 1295 579 1356 antem
602 1279 699 1354 illius
722 1277 842 1378 placiti
867 1277 1032 1376 congruit
1051 1301 1137 1350 cum
1164 1273 1332 1348 Heracliti

253 1397 417 1492 decreto,
439 1399 539 1502 qnod
560 1427 645 1474 cum
663 1398 899 1500 Empedocleo
925 1398 985 1472 illo
1005 1398 1075 1497 jam
1097 1395 1333 1470 contulerunt

254 1519 354 1593 Plato
372 1537 410 1596 et
433 1521 655 1616 Aristoteles,
675 1523 863 1596 statuentis
886 1545 1006 1593 unum
1026 1519 1235 1592 distmctum
1253 1541 1334 1615 per·

254 1659 366 1742 petan
398 1645 576 1718 contrahi:
616 1673 655 1718 rc
683 1645 720 1718 ἓν
751 1641 984 1741 araceum
1015 1641 1069 1716 tet
1096 1637 1335 1737 ξυμφέρεσθαι.

254 1763 403 1838 Difficile
424 1765 610 1840 intellectu
627 1766 803 1859 videatur,
829 1793 904 1868 quo
926 1790 1036 1838 seusu
1055 1761 1217 1862 dissipari
1239 1760 1335 1835 idem

255 1885 437 1986 simulque
453 1887 616 1962 contrahi
634 1887 784 1960 dicatur.
819 1886 889 1961 Sed
910 1885 1111 1960 Heraclitus
1126 1883 1193 1958 hnc
1208 1882 1336 1974 voluit,

256 2003 402 2078 alterins
420 2005 666 2082 discretiomm
683 2007 793 2081 simul
808 2009 1070 2082 concretionem
1089 2005 1248 2096 alterins,
1259 2004 1336 2080 sire

255 2125 401 2202 alterius
420 2141 570 2202 mortem
589 2130 699 2205 vitam
721 2129 867 2203 alterius
888 2155 975 2204 csse.
1002 2127 1167 2228 Uterque
1184 2122 1336 2198 instabi-

255 2247 327 2322 lem
358 2263 508 2324 naturae
529 2251 687 2348 partium
708 2229 988 2326 aiensitudinem
1016 2249 1060 2322 ad
1085 2259 1220 2322 certam
1246 2271 1338 2318 uor-

256 2397 353 2444 mnm
379 2371 568 2445 universae
601 2384 752 2444 naturae
777 2393 1007 2444 communem
1039 2367 1207 2462 reduxit3
1239 2381 1339 2440 uter·

255 2519 331 2594 que
353 2518 434 2566 eam
460 2491 505 2566 ad
532 2492 745 2566 contrariam
777 2489 913 2590 redegit
947 2491 1142 2580 actionem3
1176 2487 1241 2563 sed
1269 2513 1339 2562 suo

259 2627 416 2714 uterque
447 2611 573 2688 modo:
610 2611 700 2686 alter
729 2610 885 2684 diversas
914 2610 991 2684 illas
1010 2613 1165 2686 actiones
1185 2609 1340 2684 interae

258 2735 405 2832 opponit
428 2747 464 2806 et
487 2735 633 2808 mutatis
655 2733 793 2808 vicibus
819 2745 964 2831 agentes
989 2733 1088 2826 facit,
1108 2730 1199 2805 alter
1219 2728 1341 2804 ambas

259 2857 297 2926 in
311 2879 429 2928 nuum
441 2855 650 2953 coustringit
665 2869 708 2928 ut
720 2857 816 2928 areta
829 2853 1088 2930 nmirudine
1097 2851 1339 2928 cohaerentes.

309 3095 444 3170 Eodem
478 3095 582 3170 modo
614 3095 887 3194 explicandum,
924 3095 1023 3197 quod
1044 3096 1278 3196 Empedocles
1299 3098 1339 3170 in

258 3219 416 3291 carmine
437 3218 484 3292 de
501 3217 686 3292 elementis
705 3217 804 3311 dicit,
822 3219 920 3294 aliud
938 3246 1066 3294 eorum
1088 3219 1156 3294 alio
1178 3234 1339 3318 tempore

248 3336 434 3412 dominari
449 3349 530 3414 ²⁰¹.
592 3340 853 3414 Animadvertit
884 3339 1047 3415 videlicet
1072 3343 1111 3413 in
1144 3341 1339 3414 animanti-

260 3459 329 3534 bus
348 3461 532 3560 temperiei
550 3459 839 3544 vicissitudinem,
856 3461 964 3536 modo
985 3487 1027 3536 ea
1044 3461 1170 3535 ardore
1190 3462 1338 3537 incales-

260 3607 359 3676 cere,
378 3581 483 3656 modo
499 3583 628 3681 frigore
645 3595 859 3680 torpescere3
873 3583 977 3656 modo
989 3585 1027 3654 in
1040 3583 1159 3657 lucem
1170 3583 1338 3676 tendere,

261 3703 365 3777 modo
397 3704 436 3776 iu
474 3701 627 3778 humum
662 3701 835 3802 deprimi3
866 3717 1041 3804 postremo
1075 3707 1114 3778 in
1150 3705 1339 3804 pulverem

261 3823 357 3898 abire
379 3825 437 3898 vel
459 3827 498 3898 in
523 3851 627 3900 auras
649 3851 875 3900 evanescere:
907 3826 1157 3901 animadvertit
1179 3827 1340 3926 quotidi-

260 3971 346 4022 anos
373 3948 485 4020 unctis
505 3961 542 4020 et
562 3945 634 4020 diei
657 3945 781 4038 orbes,
804 3972 943 4021 annuos
962 3961 1167 4047 temporum
1187 3973 1336 4024 conver·

296 4105 369 4166 sacr)
388 4103 443 4157 lid.
464 4104 569 4171 Emped.
587 4121 623 4154 vt.
648 4091 708 4154 116':
725 4107 754 4156 tv
773 4108 804 4160 δὲ
824 4111 901 4178 μέρει
921 4113 1066 4176 κρατέουσι
1081 4137 1115 4150 -
