2950 4822
497 393 533 442 m
560 393 809 446 amnnocmm.
1131 385 1191 453 165

130 558 172 617 rit
191 577 245 618 aer.
267 556 358 617 alien.
381 565 481 633 οίνοος
501 563 533 625 δὲ
552 567 665 640 glosis,
687 561 793 621 omisso
816 565 860 637 ὃς,
880 559 1013 622 similiter
1032 561 1190 641 Eusebium

129 661 244 742 denique
264 663 428 742 posteriore
447 661 517 722 loco
537 662 613 723 Plut.
636 669 806 740 ἰον-έοοοος,
830 663 922 724 altero
941 669 1012 741 lx„
1030 665 1102 726 item
1121 667 1191 728 llus.

127 764 169 824 sed
191 769 331 854 ὶνζοοοοο
352 767 579 828 convenientius
600 767 637 828 de
659 769 734 829 mari
753 769 786 828 in
808 778 917 829 terram
940 771 1085 850 ejiciente.
1126 768 1190 830 llac

125 879 213 931 autem
229 871 396 954 jactatione
416 891 471 954 per
491 871 603 932 diversa
624 871 770 932 elementa
790 870 918 952 intelligi
935 881 1010 953 puto
1023 871 1189 934 formarum

123 975 325 1050 mutationem,
352 997 414 1058 qua
434 974 595 1037 daemones
614 975 662 1036 isti
682 975 774 1036 modo
794 976 826 1035 iu
847 975 958 1051 adrias,
981 975 1073 1036 modo
1093 998 1190 1060 aqua-

121 1075 199 1153 ticas,
227 1077 320 1138 modo
347 1089 478 1138 terrenas
504 1079 670 1140 animantes
699 1089 958 1152 converterentur,
982 1079 1134 1162 variasque
1155 1078 1190 1138 fi-

119 1201 200 1262 guras
219 1181 399 1258 induerent,
420 1192 455 1242 ut
474 1181 566 1242 modo
586 1181 664 1244 dixit
682 1203 724 1244 νο.
746 1181 776 1243 6.
818 1183 971 1242 Caeterum
990 1181 1189 1264 Empedoclen

118 1281 185 1345 haec
213 1285 254 1347 de
284 1284 482 1350 daemonibus
506 1285 616 1368 placita
637 1285 719 1368 apud
740 1286 859 1347 seriores
881 1305 1002 1370 quoque
1023 1284 1189 1346 admodum

117 1389 287 1472 pervulgata
316 1400 346 1450 et
375 1389 521 1450 celebrata
556 1391 664 1468 luisse,
694 1390 824 1452 ostendit
853 1387 1004 1450 Plutarchi
1037 1389 1122 1450 locus
1151 1389 1189 1449 de

11 1543 12 1572 ,
117 1492 195 1553 lirae.
219 1491 356 1569 delectu,
374 1515 405 1575 p.
427 1492 503 1571 4183
526 1493 592 1554 Vol.
610 1495 683 1570 vlt,
704 1516 735 1576 p.
757 1493 837 1572 648,
859 1493 912 1554 ubi
932 1491 970 1554 de
985 1492 1044 1554 illis
1063 1491 1187 1552 dicitur:

11 1591 13 1650 ὲ
117 1606 147 1662 rl
165 1600 197 1663 δέ
220 1607 281 1674 τοῖς
300 1603 409 1677 δαίμονι
429 1607 556 1675 estesse,
576 1609 721 1680 μονονουχὶ
739 1605 841 1681 iimo
860 1607 1061 1678 λαμβάνοντος
1080 1603 1113 1662 lx
1132 1609 1188 1664 rtis

116 1707 184 1770 lm‘ss
212 1714 269 1768 νῦν
296 1705 544 1782 Ἐμονδοκλίονς,
567 1707 707 1785 hassiae
726 1715 774 1771 sal
794 1711 869 1780 druse
889 1713 938 1770 sal
957 1713 1070 1778 πλάνος
1090 1713 1189 1776 lenu-
1271 1717 1281 1730 ‘

117 1835 176 1882 οννς
195 1813 353 1888 ireddere,
376 1859 382 1873 .
406 1861 413 1873 .
435 1859 443 1875 .
465 1817 626 1890 θροοῦοοςον
649 1815 769 1890 system
790 1819 838 1875 sal
856 1814 1097 1890 βορβορονόοοςον.
1140 1809 1187 1868 Si·

114 1913 189 1973 milis
220 1915 303 1973 color
330 1925 375 1975 est
393 1913 426 1973 in
447 1913 560 1995 Virgilii
581 1913 779 1996 descriptione
800 1913 969 1973 animarum
989 1934 1066 1996 quae
1086 1913 1119 1972 in
1140 1913 1189 1972 in·

11 2035 12 2068 ὲ
115 2015 178 2076 seris
199 2016 390 2099 plectuntur,
411 2037 594 2099 quamquam
615 2015 747 2078 dissimili
769 2037 873 2092 sensu,
895 2017 968 2078 Aen.
991 2019 1048 2093 vl,
1070 2015 1145 2076 740:

233 2170 309 2250 Ergo
329 2177 506 2228 exercentur
527 2167 631 2248 poenis
642 2212 652 2243 ,
673 2177 864 2251 veterumque
885 2165 1034 2226 malorum

234 2270 387 2354 Supplicia
408 2269 595 2352 expendunt.
637 2257 719 2331 Aliae
739 2269 917 2352 panduntur
937 2269 1034 2328 inanis

232 2378 394 2458 Suspensas
415 2373 454 2434 ad
475 2382 594 2448 sentos,
617 2372 681 2432 aliis
702 2371 757 2432 sub
778 2373 893 2453 gurgite
914 2381 996 2430 vasto

233 2477 384 2540 Insertum
404 2475 514 2536 eluitur
534 2475 646 2552 scelus,
667 2485 719 2535 aut
739 2475 874 2534 exuritur
893 2473 965 2554 igni.

152 2643 212 2702 Vss.
234 2639 345 2701 20-23.
387 2645 514 2723 ἀνοροίο
540 2649 629 2719 κῦρον
657 2671 698 2684 -·
727 2641 915 2712 Maturo.)
955 2635 1102 2698 Hierocles
1121 2638 1143 2696 l.
1166 2636 1188 2698 l.
1231 2659 1236 2666 ·

114 2753 278 2806 memorato
307 2741 460 2802 daemonis
489 2743 548 2802 sive
574 2742 704 2803 hominis
732 2741 819 2822 lapsu
839 2742 872 2800 in
892 2751 1018 2818 terram,
1047 2741 1188 2824 deinceps

112 2847 210 2912 addit:
239 2853 324 2912 ἄνενον
344 2852 375 2912 δὲ
397 2856 444 2913 sul
464 2860 516 2920 τὴν
536 2851 659 2926 ἀρχαίαν
681 2847 740 2925 ἷξον
759 2845 968 2924 scarensem,
995 2853 1021 2912 el
1041 2853 1129 2929 cryc
1149 2858 1190 2913 νὴ

114 2961 171 3032 περὶ
197 2963 250 3034 γῆν
275 2961 323 3017 ecl
351 2964 399 3022 νον
437 2957 593 3032 »dereris
617 2951 741 3032 xllpos,'’
778 2961 815 3024 sle
845 2957 931 3027 οὗτος
963 2959 1060 3033 λέγει,
1104 2957 1191 3020 »tuta

113 3047 194 3132 Φᾶνος
231 3091 273 3101 -
309 3057 439 3136 Κνςῶν,”
481 3063 521 3130 οἷς
556 3061 585 3122 ὃν
621 3063 648 3120 οἱ
683 3062 852 3134 ἐμπεσόντος
894 3057 1010 3131 ν”Αονς
1041 3061 1096 3124 bue
1130 3072 1192 3122 λεν-

113 3174 190 3242 pesa
233 3195 272 3210 -
313 3161 503 3232 ἧλισκοοσιο.”
562 3163 584 3220 Ε
618 3159 727 3242 quibus
757 3159 858 3241 colligi
894 3159 1087 3242 probabiliter
1117 3161 1190 3222 licet

113 3289 142 3328 V·
165 3273 319 3340 νἰλέονονοο
345 3287 410 3325 non
437 3263 625 3326 referendum
645 3283 706 3324 esse
728 3263 765 3323 ad
785 3269 868 3340 Φίνος
888 3275 917 3324 et
937 3271 1048 3342 Κόοος,
1077 3263 1128 3325 sed
1149 3265 1188 3324 ad

113 3371 250 3432 homines
278 3371 337 3430 sive
368 3368 526 3429 daemones
555 3389 571 3427 e
599 3367 683 3427 coelo
707 3367 740 3427 in
760 3379 868 3428 terram
890 3367 1025 3452 delapsos
1044 3375 1084 3446 (si
1103 3375 1189 3449 ἐμπο-

114 3483 238 3555 elme),
268 3473 403 3556 adeoque
426 3471 480 3532 hos
500 3491 597 3531 versus
617 3491 682 3530 non
702 3473 743 3531 ita
760 3473 933 3555 jungendos
954 3495 1014 3535 esse
1025 3520 1034 3550 ,
1064 3487 1099 3534 ut
1117 3475 1189 3534 lacit

114 3581 271 3662 synesius:
293 3583 355 3644 lala
374 3583 458 3652 Φόνος
478 3605 512 3643 ον
533 3583 626 3654 luteos
644 3609 686 3622 -
704 3581 886 3654 immores,
908 3579 959 3640 sed
980 3601 997 3639 a
1014 3579 1187 3640 seinvicem

114 3683 306 3745 dirimendos.
348 3683 448 3743 lectio
477 3680 616 3764 paullum
646 3681 747 3742 variat.
791 3683 929 3744 Hieroclis
957 3683 1002 3744 ed.
1017 3685 1114 3758 Ἀονς
1133 3688 1188 3750 ἀνὰ

115 3787 218 3868 (codd
239 3793 287 3862 lte)
307 3801 385 3866 λονμ.
407 3813 441 3852 το
454 3796 502 3854 sal
516 3793 622 3860 tulere.
667 3787 711 3846 lta
732 3807 851 3870 quoque
871 3787 1010 3868 Scaliger.
1048 3787 1187 3868 synesius

107 3893 157 3958 Ἀ.
186 3898 216 3958 ἐν
245 3904 360 3972 mopso
387 3903 464 3958 κοινοὶ
494 3897 600 3958 culros.
642 3892 732 3951 Porro
763 3890 837 3951 aller
860 3897 958 3973 Φᾶνος,
987 3893 1184 3971 alterorum.

116 3996 235 4058 Proclus
256 4000 373 4060 inverso
394 3997 498 4059 ordine
521 4004 604 4072 κότος
625 4023 656 4061 οε
678 4001 761 4091 disce
782 4023 820 4061 νε.
