2958 4822
263 373 304 432 38
658 389 704 434 us
729 355 942 436 suranccms

261 557 369 630 turris
390 551 606 654 philosophi,
632 551 721 626 nihil
744 553 841 628 aliud
865 581 939 630 esse
961 555 1103 630 videtur
1132 581 1242 656 quam
1273 584 1333 632 re-

259 675 391 776 liquiae
408 673 466 749 vel
484 672 608 772 templi
618 675 766 776 antiqui
782 677 857 764 vel,
874 693 918 751 ut
935 677 992 750 alii
1008 690 1153 776 putant,
1169 677 1335 777 speculae

259 823 279 868 a
300 793 424 869 Gothis
443 793 706 870 Normannisve
726 811 945 891 exstructae,
965 797 1059 872 sicut
1080 823 1102 872 e
1126 799 1334 899 peregrina-

257 931 378 990 torum
399 915 691 1015 descriptionibus
715 918 877 994 Sturzius
899 919 1117 994 docuit101.
1168 919 1236 993 Sed
1261 933 1333 994 tota

256 1037 344 1113 haec
362 1037 527 1129 narratio,
546 1051 583 1110 et
601 1037 820 1136 Empedoclis
837 1039 946 1114 saltus
959 1043 998 1113 in
1015 1041 1186 1133 Aetnam,
1203 1055 1240 1115 et
1255 1040 1333 1115 ccl·

255 1186 340 1234 ceus
359 1156 512 1233 flammis
530 1157 682 1258 ejectus,
701 1158 803 1236 dicax
821 1175 858 1236 et
876 1161 1037 1261 lepidum
1058 1162 1258 1236 Siculorum
1276 1164 1332 1236 in·

254 1282 402 1382 genium
413 1281 514 1380 sapit.
536 1280 675 1355 Gloriae
689 1307 828 1382 semper
840 1282 974 1359 invidio
990 1309 1106 1358 comes
1122 1284 1210 1374 fuit,
1227 1309 1332 1383 prae·

251 1405 373 1477 sertim
393 1401 489 1501 apud
507 1402 668 1475 Graecos.
708 1403 897 1499 Credibile,
917 1404 1141 1504 Empedoclis
1159 1405 1331 1498 inimicos,

251 1525 318 1624 qui
332 1525 460 1602 vivum
480 1523 642 1596 insectati
662 1541 795 1619 essent,
817 1529 924 1600 etiam
945 1529 1077 1602 mortui
1097 1527 1213 1600 lamae
1231 1525 1330 1602 haud

250 1645 448 1744 pepercisse
470 1659 506 1718 et
527 1644 634 1719 talem
657 1644 707 1718 illi
730 1649 823 1722 vitae
850 1651 989 1724 exitum
1018 1647 1238 1742 attribuisse,
1254 1673 1329 1749 quo

249 1765 325 1865 ipse
342 1767 409 1840 sual
427 1765 593 1866 superbii
614 1768 652 1840 in
671 1769 822 1842 exitium
842 1770 967 1862 ruisse,
984 1750 1021 1842 et
1037 1769 1095 1840 Dii
1111 1770 1331 1869 majestatem

250 1913 354 1960 suam
368 1886 461 1986 justo
477 1887 649 1986 supplicio
667 1887 735 1961 ulti
750 1913 825 1962 esse
841 1889 1062 1965 viderentur.
1090 1887 1189 1963 Aliae
1203 1890 1330 1965 ferun·

152 2069 155 2082 .
249 2022 312 2082 tur
339 2023 523 2108 praeterea
553 2009 774 2082 narrationes
801 2011 922 2084 minus
951 2011 1065 2086 facete
1091 2011 1330 2110 excogitatae,

249 2145 293 2204 ut
312 2130 400 2206 haec
417 2130 610 2204 Pbavorini
623 2139 701 2200 ¹⁰²:
726 2129 995 2230 Empedoclem,
1012 2157 1130 2232 quum
1147 2129 1192 2203 ad
1213 2131 1329 2206 solen-

248 2280 335 2328 nem
362 2267 584 2329 conventum
606 2251 790 2326 Messenen
813 2255 872 2329 vel
896 2246 1093 2327 Meuaniam
1118 2251 1329 2347 veheretur,

249 2402 363 2452 curru
397 2371 604 2474 prolapsum
640 2399 763 2447 coxam
787 2375 949 2474 fregisse,
978 2397 1094 2474 ecque
1118 2399 1202 2448 cosu
1220 2397 1329 2448 mor-

249 2516 359 2572 tuum
389 2521 485 2586 esse;
514 2497 602 2570 item
627 2493 686 2568 illa
717 2497 887 2569 Demetrii
917 2496 1101 2570 Troezenii
1128 2503 1204 2566 ¹⁰³:
1240 2521 1329 2571 eum

250 2619 379 2720 laqueo
396 2617 463 2691 sibi
479 2642 606 2691 necem
621 2617 838 2691 conscivisse.
860 2619 964 2709 Quae
979 2614 1123 2689 fabulae
1141 2641 1187 2690 ex
1202 2615 1329 2690 eadem

248 2739 494 2814 maledicentia
528 2750 625 2812 ortae
664 2733 856 2830 videntur;
888 2733 1023 2836 quibus
1049 2747 1102 2808 ut
1135 2734 1329 2810 haberetur

249 2859 350 2963 quod
369 2860 501 2960 opponi
520 2872 651 2957 posset,
675 2856 823 2956 quidam
843 2857 991 2957 aequior
1007 2857 1046 2928 in
1065 2853 1330 2954 Empedoclem,
1353 2921 1358 2934 .

248 2981 413 3082 simulato
449 2979 614 3080 Telnugia
657 2979 817 3071 nomine,
860 2991 1084 3052 commentus
1122 2991 1189 3070 est,
1223 2975 1330 3050 illum

249 3106 346 3179 senio
373 3101 598 3182 vacillantem
630 3101 669 3173 in
691 3091 791 3176 mare
813 3099 1019 3202 prolapsum
1038 3102 1225 3172 evanuisse
1246 3107 1326 3168 ¹0⁴.

147 3229 150 3236 “
249 3225 345 3300 Haec
365 3227 474 3326 igitur
503 3222 648 3322 deeius
672 3225 822 3298 interitu
845 3219 994 3296 fabulati
1017 3233 1120 3314 sunt,
1155 3243 1250 3320 quae
1270 3218 1330 3290 bic

284 3394 357 3460 (ror)
374 3396 460 3446 Stura.
471 3411 497 3464 p.
512 3391 557 3444 125
569 3409 607 3464 sq.
624 3401 745 3444 auctores
755 3393 865 3444 afferens
876 3387 998 3442 D’Orvill.
1010 3387 1087 3443 Sicul.
1097 3404 1120 3439 c.
1135 3387 1178 3448 at.
1191 3391 1220 3438 et
1231 3383 1330 3437 liertelv

250 3483 335 3538 Briele
347 3484 412 3536 tiber
423 3482 558 3536 Calabrien
569 3499 595 3534 u.
606 3483 717 3545 station,
728 3484 756 3534 Τ.
769 3484 804 3534 lt.
816 3481 863 3550 Ep.
876 3495 914 3532 vr.

284 3576 357 3642 (roa)
374 3573 448 3644 Apud
458 3573 530 3639 Dicg.
538 3572 602 3628 ibid.
614 3591 634 3626 e.
646 3573 691 3638 733
701 3573 812 3641 Hesych.
821 3571 901 3624 Miles
913 3570 932 3623 l.
943 3570 960 3622 l.
971 3569 1067 3622 Eudae.
1079 3584 1105 3637 p.
1117 3581 1169 3630 ¹7⁰·
1178 3568 1329 3632 Μεσσήνην

250 3665 293 3718 alii
309 3665 453 3726 llusanam
469 3663 497 3715 in
509 3661 607 3728 Sicilie,
622 3661 666 3714 alii
676 3665 811 3715 Messenen
822 3662 849 3712 in
862 3660 1037 3730 Peloponneso
1054 3657 1206 3724 intelligunt.
1242 3653 1329 3707 Credo

147 3745 150 3754 ’
249 3755 320 3808 illam
331 3752 482 3822 significari,
494 3770 554 3805 cam
565 3769 722 3824 quamquam
732 3753 760 3804 in
770 3751 949 3821 Peloponneso
961 3755 1134 3800 commoratus
1145 3753 1187 3800 eet
1197 3742 1327 3814 Empedo-

249 3845 312 3908 cleo,
327 3853 414 3898 tamen
427 3843 513 3896 Sicilia
524 3843 677 3913 praesertim
688 3841 756 3894 illius
765 3841 861 3907 gloriae
872 3839 1005 3894 theatrum
1018 3837 1076 3892 luit

284 3933 358 4002 (103)
376 3935 483 4001 Diogen.
492 3933 553 3985 ibid.
566 3949 585 3984 s.
602 3933 641 3996 54.
652 3932 759 4002 Scripsit
769 3931 819 3982 hoc
829 3931 976 3982 Demetrius
986 3930 1012 3981 in
1021 3928 1090 3980 libro
1104 3931 1174 3980 κατὰ
1185 3927 1327 3989 σοφιστῶν,

249 4026 303 4094 qui,
319 4033 348 4077 ut
360 4024 450 4077 titulus
462 4023 571 4079 indicat.
585 4024 689 4074 minime
702 4023 728 4073 in
740 4005 844 4073 laudem
856 4019 999 4088 sapientum
1013 4018 1062 4072 luit
1074 4019 1237 4088 compositus.

282 4115 356 4179 (rol)
373 4115 428 4166 vid.
449 4131 525 4183 supro
543 4121 597 4165 not.
618 4111 642 4162 5.
