2958 4822
498 401 581 454 vrrs
603 403 650 452 nr
671 399 815 456 munim.
1149 385 1191 450 te

115 561 330 668 mmagoioi
363 565 564 647 theonem
593 569 734 670 populis
761 563 1008 660 vindicabant,
1030 587 1112 668 qua·
1129 567 1189 642 fas
1258 565 1267 584 ·

112 685 206 760 tilius
227 686 306 788 ipsi
329 715 389 765 eos
411 715 509 766 more
533 707 570 766 et
596 692 777 792 disciplina
803 691 1017 780 formarent,
1041 702 1078 762 et
1098 713 1189 762 etseq

108 813 245 884 orbate
277 825 459 912 regerent.
507 815 571 888 Est
599 813 689 890 illud
718 813 876 914 prolecto
897 811 1016 952 magni
1044 822 1080 884 et
1105 807 1188 884 elati

106 929 233 1018 animi,
272 931 383 1006 malle
420 937 627 1012 auctoritate
659 931 770 1036 gaam
805 933 953 1034 imperio
984 930 1141 1025 valere,
1150 943 1188 1006 et

106 1049 330 1144 praeclarius
368 1053 519 1150 ducere,
559 1057 688 1133 liberos
718 1055 878 1155 homines
905 1077 1043 1152 regere,
1076 1077 1188 1217 quam

103 1165 292 1268 ωΙήοοίίε
307 1177 496 1274 imperare.

609 1449 684 1530 §⁴-

146 1653 311 1731 Tantam
331 1673 452 1734 autem
471 1659 716 1733 auctoritatem
733 1671 770 1732 et
791 1659 1083 1734 existimationem
1101 1655 1186 1732 libe·

103 1773 242 1852 relitate
262 1793 302 1853 et
323 1779 536 1882 aequalitate
558 1793 711 1878 partem,
735 1779 856 1854 multis
876 1777 1012 1853 artibus
1028 1780 1129 1854 auxit
1151 1791 1188 1852 et

104 1899 280 1974 rennuit:
312 1900 530 2002 eloqnentia‚
567 1899 757 1998 sapientia,
801 1899 1007 1992 calliditate,
1042 1925 1187 1974 morum

104 2018 278 2123 vitaeque
300 2022 481 2120 dignitate.
534 2020 778 2121 Eloquentem
797 2021 923 2116 luisse,
944 2036 1019 2096 tam
1037 2047 1060 2096 o
1081 2019 1189 2096 rebus

103 2163 191 2237 quas
219 2142 262 2215 in
283 2144 423 2220 civitate
444 2145 535 2242 egit,
557 2165 668 2244 quam
692 2169 738 2218 ex
757 2167 800 2217 eo
821 2144 919 2245 quod
941 2145 1080 2244 primus
1100 2141 1188 2217 rbe-

102 2261 253 2336 ioricam
285 2275 399 2338 artem
428 2265 578 2341 movisse
602 2263 750 2356 dicitur,
773 2267 855 2338 satis
881 2262 972 2339 effici
998 2273 1185 2365 putatet.

104 2378 264 2458 Maxime
297 2408 382 2460 vero
418 2383 615 2465 celebratus
646 2399 708 2472 est,
731 2383 779 2459 ob
809 2409 934 2459 rerum
965 2384 1185 2460 naturalium

105 2503 290 2578 tciontiam
314 2521 350 2582 et
366 2506 520 2582 medicae
537 2507 621 2579 ertis
636 2506 798 2604 peritiam
814 2507 872 2597 ⁴⁸,
899 2528 1057 2606 quarum
1071 2503 1185 2578 multa

105 2635 138 2696 et
163 2627 343 2701 mirabilia
370 2627 532 2727 exempla
561 2623 786 2705 ueteribus
809 2625 934 2702 tradito
956 2639 1060 2720 sunt,
1088 2647 1183 2725 quoe

106 2747 164 2820 vel
200 2747 297 2824 illius
325 2764 438 2824 artem
464 2765 501 2824 et
528 2751 768 2850 sagacitatem,
792 2748 849 2822 vel
872 2749 1185 2839 existimationem,

104 2893 175 2966 qna
205 2870 305 2969 apud
324 2871 488 2972 aequales
511 2885 547 2946 et
567 2886 723 2971 posteros
742 2867 881 2964 florent,
903 2867 1109 2946 ostendunt.

150 2990 398 3066 Pestilentiam
421 3008 457 3066 et
477 2991 595 3067 tabem
618 2991 740 3066 multis
760 2990 872 3065 modis
895 2991 1037 3064 cur'esse
1059 3015 1184 3064 narra·

105 3119 177 3206 tur,
188 3113 320 3212 partim
337 3111 489 3214 ignibus,
504 3111 640 3214 quibus
652 3109 851 3185 medicandi
866 3113 941 3190 vim
953 3111 1070 3187 inesse
1083 3109 1183 3203 vidit,

104 3305 188 3364 mdc.
211 3305 288 3357 lnter
297 3305 344 3357 boe
355 3313 441 3358 eutem
452 3305 611 3376 Pythagorae
624 3308 767 3369 ἀκουστὰς,
779 3322 839 3358 cum
849 3303 923 3356 multi
933 3303 1062 3357 numerati
1073 3303 1124 3355 tint
1136 3302 1182 3373 qni

105 3395 210 3465 proprie
220 3395 376 3463 Pythagorei
387 3413 439 3448 non
451 3395 537 3462 luere,
551 3405 606 3449 tum
619 3399 697 3450 etiem
708 3395 888 3466 Empedoclem
899 3393 1005 3458 intelligi
1018 3391 1096 3446 credo
1104 3411 1112 3445 a
1120 3407 1182 3444 narn

105 3501 181 3554 qoem
197 3487 278 3540 elium
295 3485 478 3556 philosophum
491 3489 620 3555 Agrigenti
638 3487 763 3540 libertatis
780 3487 907 3540 vindicem
923 3483 1072 3554 praedicare
1086 3489 1182 3552 potue·
1258 3527 1262 3535 .

106 3573 172 3638 rint,
188 3593 242 3627 oon
258 3575 349 3637 video,
366 3583 475 3644 excepto
491 3575 550 3639 illo,
566 3576 611 3646 qui
624 3593 639 3627 a
653 3575 739 3627 multis
750 3575 819 3627 inter
832 3573 1007 3642 Pythagoreos
1021 3571 1122 3625 solebat
1136 3587 1183 3658 re·¹

107 3661 178 3726 fetri,
189 3673 220 3716 ut
232 3663 299 3717 infra
315 3663 464 3717 ridebimus.

139 3755 195 3824 (47)
214 3758 234 3807 Α
251 3757 359 3826 Satyro,
376 3753 445 3822 apud
460 3753 532 3822 lliog'.
550 3753 636 3808 hert.
650 3754 678 3806 ll.
693 3771 714 3808 a.
725 3753 770 3816 58,
782 3761 891 3808 vocatur
902 3753 990 3824 ῥήτωρ
1002 3751 1119 3823 ἄριστος,
1135 3753 1181 3822 qui
1245 3742 1249 3750 ’

108 3841 168 3896 illios
194 3843 298 3898 dicendi
328 3843 477 3896 facultatem
498 3841 646 3912 ediscipuli
662 3845 767 3912 Gorgiae
786 3847 944 3916 praestantia
960 3845 1124 3898 metiebatur.
1159 3845 1179 3893 Α

109 3929 207 3989 Timone
223 3935 336 3988 Phliaeio
350 3936 485 4004 ἀγοραίων
500 3936 619 4004 animle
638 3938 723 3989 iulos
741 3937 848 3988 dicituro
865 3935 915 3988 vid
925 3934 1032 3988 inierint
1042 3935 1056 3998 §
1067 3935 1084 3986 8
1096 3931 1177 4002 princ.

137 4025 191 4092 (48)
208 4025 247 4080 Gl'.
270 4025 389 4078 Clericus
410 4027 475 4080 llist.
490 4025 558 4080 tted.
573 4025 802 4092 1³.1.L.11.e.t;
819 4021 913 4078 Scbule
924 4025 989 4108 llitt.
1000 4021 1068 4077 bled.
1080 4019 1181 4075 Period.

107 4114 152 4168 la.
161 4117 194 4170 Π,
205 4134 229 4172 c.
241 4131 266 4181 7.
279 4117 296 4180 §
308 4115 357 4176 38,
369 4115 415 4168 cit.
425 4113 539 4168 Dema
550 4115 653 4170 Herael.
663 4119 737 4171 l’ont
746 4135 771 4186 p.
780 4119 823 4170 88.

894 4211 1038 4288 .2*
