3016 4840
269 367 332 428 ³³8
662 382 709 427 us
735 379 953 428 uurunocnrs

269 547 429 620 mundus
461 545 709 639 collaberetur,
743 546 804 620 sed
833 559 876 618 ut
907 545 983 642 pari
1007 547 1167 644 portione
1191 548 1346 622 univer·

269 695 350 742 sum
377 669 472 742 inter
495 694 532 744 se
557 667 769 749 dividerent.

317 791 427 864 Porro
461 807 504 866 ut
536 805 680 869 aeterna
710 789 795 862 facit
826 787 1002 862 clementa
1027 803 1062 861 et
1085 787 1272 886 simplicia,
1300 791 1351 864 sic

268 909 391 984 eadem
410 911 580 985 informat
601 925 773 1010 tanquam
799 923 890 984 tota
912 923 949 984 et
971 911 1126 1010 integra,
1146 937 1219 984 non
1241 914 1349 986 variis

267 1057 312 1105 ex
342 1033 524 1130 particulis
554 1031 722 1124 conflata,
748 1031 808 1106 sed
833 1032 970 1132 singula
997 1057 1072 1105 uno
1096 1034 1198 1132 quasi
1221 1059 1348 1132 corpo-

267 1181 307 1230 re
334 1181 483 1255 unaque
508 1155 622 1228 forma
646 1153 915 1253 comprehensa.
966 1155 1034 1230 Res
1054 1167 1203 1227 naturae
1219 1156 1257 1226 in
1275 1154 1349 1228 ele-

267 1291 387 1350 menta
411 1275 587 1367 dissolvit,
610 1275 787 1377 elementa
807 1275 883 1374 ipsa
907 1301 980 1348 non
1003 1277 1041 1346 in
1065 1290 1182 1374 partes
1204 1275 1345 1353 dividit.

267 1403 375 1474 Docet
408 1397 474 1475 hoc
502 1397 707 1473 Aristoteles
735 1397 869 1472 dicens:
909 1395 1190 1493 Ἐμσεδωιλεΐίε
1217 1399 1264 1473 rit
1288 1403 1350 1494 μεν

266 1523 360 1598 ίίλλοο
394 1519 565 1618 (σώματὰ)
599 1522 736 1618 Φοινερον
765 1521 817 1598 ίτι
846 1523 953 1621 μέχρι
981 1525 1044 1595 uto
1068 1523 1245 1621 στοιχείων
1272 1526 1350 1624 ἔχει

265 1647 320 1734 τὴν
342 1642 488 1742 γένεσιν,
516 1644 621 1719 ωὐτοίι
650 1641 689 1720 ‹lt
717 1651 840 1719 τούτων
862 1647 929 1724 arcia
950 1645 1077 1742 γίνετοιι
1103 1645 1160 1717 aul
1182 1643 1349 1743 φθείρεται

265 1770 303 1847 τὸ
325 1768 612 1865 σωρευόμενον
636 1765 840 1865 μέγεθος,
863 1769 940 1842 οὔτε
961 1763 1055 1856 δῆλον
1076 1769 1154 1839 οὔτε
1168 1763 1349 1866 ἐνδέχεται

264 1895 374 1989 λέγειν
403 1888 514 1987 αὐτῷ,
544 1891 591 1986 μὴ
614 1895 748 1990 λέγοντι
773 1892 830 1964 aul
854 1897 913 1963 τοῦ
938 1890 1037 1987 τερος
1062 1885 1139 1964 είνοιι
1164 1895 1348 1990 στοιχεῖον·

265 2013 379 2110 ὁμοίωι
415 2009 450 2090 δὲ
484 2015 541 2088 κω)
574 2018 636 2088 τῶν
669 2014 779 2090 ίίλλων
811 2009 969 2086 οίσοίντων
984 2018 1038 2088 ⁸³.
1098 2014 1228 2114 Itaque
1256 2011 1349 2112 ignis

262 2136 314 2210 illi
338 2159 411 2210 non
434 2161 477 2210 ex
500 2135 595 2236 ignis
614 2136 810 2210 seminibus
832 2149 987 2226 constat,
1015 2133 1076 2207 sod
1099 2149 1193 2207 totus
1214 2148 1266 2207 est
1289 2135 1348 2232 ig-

263 2260 338 2348 nis,
363 2259 467 2359 qussi
487 2269 681 2354 compacta
708 2259 841 2344 moles,
864 2271 907 2330 ut
931 2255 1138 2330 Aristoteles
1161 2270 1279 2349 vocat,
1307 2283 1350 2329 ao

261 2378 423 2455 similiter
445 2379 594 2480 reliqua.
646 2377 739 2451 Huic
761 2404 845 2454 vero
867 2375 1066 2452 sententiae
1091 2376 1258 2450 nonnulli
1284 2375 1349 2450 ob·

262 2515 374 2594 stant,
403 2503 468 2602 qui
503 2499 648 2595 volunt,
679 2497 930 2596 Empedoclem
959 2513 1042 2572 ante
1070 2497 1246 2572 elementa
1273 2513 1347 2573 sta-

262 2623 372 2696 tuisse
395 2624 560 2694 minimas
580 2620 753 2720 quasdam
781 2621 994 2720 particulas,
1017 2623 1121 2721 quasi
1145 2620 1346 2694 elemento-

261 2769 348 2816 rum
378 2742 573 2834 elementa,
607 2741 741 2841 quibus
769 2755 926 2842 quatuor
952 2741 1011 2814 illa
1039 2758 1157 2815 essent
1181 2740 1343 2817 conflata.

261 2865 317 2938 Sic
347 2861 563 2937 Plutarchus
596 2865 634 2934 in
669 2861 758 2936 libro
791 2861 836 2936 de
864 2863 1000 2963 placitis
1033 2863 1345 2963 philosophorum:

261 2981 489 3081 Ἐμπεδοκλῆς
526 2986 588 3082 τρο
626 2989 687 3059 τῶν
723 2981 892 3084 τεσσάρων
930 2985 1107 3088 στοιχείων
1148 2983 1348 3082 θρωιίσμοιτω

262 3105 444 3208 ἓλοίχιστοι
465 3109 558 3184 οἱονεὶ
575 3112 736 3209 στοιχεΐοι
754 3111 828 3207 πρὶν
846 3111 1037 3210 στοιχείων,
1059 3111 1247 3207 ὁμοιομερῆ,
1268 3107 1346 3206 torp

264 3231 339 3308 ἐστὶ
371 3229 576 3331 στρογγύλοι
595 3237 650 3306 ⁸⁴.
700 3231 753 3304 Ac
783 3229 944 3304 similiter
979 3232 1056 3306 fere
1093 3230 1213 3330 paullo
1248 3245 1345 3330 post:

160 3435 163 3440 ,
263 3358 362 3450 Ἐμοί.
396 3352 432 3430 δὲ
466 3351 505 3430 ἐκ
538 3361 731 3451 μικροτέρων
765 3355 870 3452 ἔγνων
901 3354 948 3429 τοι
974 3357 1134 3456 στοιχεῖον
1158 3355 1347 3453 συγκρίνει,

296 3611 353 3680 (83)
371 3610 519 3664 Aristoteles
534 3609 567 3662 de
583 3625 669 3676 geues.
680 3616 708 3661 et
720 3609 795 3660 Corr.
810 3610 829 3673 1,
844 3609 867 3660 8.
880 3625 908 3678 p.
922 3609 971 3678 396
982 3611 1011 3663 F.

297 3725 349 3798 (84)
366 3723 498 3777 Plutarch.
514 3723 579 3794 phc-
596 3721 688 3792 philos.
704 3723 724 3784 Ι,
747 3722 784 3774 1³.
818 3721 944 3774 Stobaeur
960 3723 1012 3774 Ecl.
1029 3726 1049 3775 Ι.
1069 3743 1093 3794 p.
1111 3723 1160 3787 ete
1179 3743 1216 3796 sq.
1251 3725 1347 3778 Ultima

264 3817 360 3882 verbu,
382 3819 451 3887 ὅπερ
471 3819 529 3870 ἐστί
542 3813 697 3883 οτορριίλα,
718 3827 785 3882 quac
797 3811 825 3862 ln
836 3812 948 3865 Stobaco
966 3813 1074 3876 absunt,
1089 3823 1212 3886 tanquam
1228 3817 1347 3884 ineptum

264 3908 387 3974 grauem
413 3908 532 3978 repurlint
555 3909 639 3960 Stura.
662 3903 771 3974 Emped.
787 3918 812 3971 p.
835 3901 888 3965 ru.
914 3904 1099 3972 later-pratello
1116 3912 1204 3956 tamen
1222 3921 1275 3956 non
1293 3913 1348 3956 tam

264 3997 376 4052 absurda
393 4007 432 4051 eat
449 4013 527 4068 quarn
544 3997 583 4050 illi
598 3997 716 4050 ridetur:
733 3993 895 4065 ὅμοιομερὴς
911 3991 961 4044 dici
980 4003 1065 4062 potest
1083 3995 1150 4044 omni
1167 4011 1199 4046 ετ
1214 4003 1287 4058 parta
1297 3997 1350 4045 sits·

245 4137 249 4147 ,
266 4089 376 4148 sinilia,
394 4085 445 4139 lroc
462 4095 548 4142 autern
564 4087 632 4142 idern
650 4099 689 4144 ert
706 4108 735 4144 ac
753 4089 916 4157 στορρύλος,
933 4086 1064 4136 oramus.
