3006 4830
247 371 313 434 212
666 379 945 432 communimus

250 560 374 637 papam
401 571 465 613 non
492 551 533 612 sic
558 548 819 634 pronuntiandum
847 581 932 626 υυυυυ
957 547 1007 609 sed
1029 547 1069 609 ita
1096 577 1181 608 υυυυυ
1223 521 1330 632 ltaque

250 669 333 735 2523
353 660 385 719 in
405 661 438 732 δὴ
459 655 571 717 mutavi
582 678 591 732 ς
614 664 679 714 turn
697 654 804 715 ultima
825 653 942 738 syllaba
961 651 1043 714 serbi
1063 662 1201 734 papauere
1221 653 1340 737 produ·

252 777 356 842 catur,
385 761 468 847 qnod
495 762 528 822 iu
557 759 620 822 fine
648 761 747 844 quarti
775 759 860 843 pedis
887 781 951 820 non
972 779 1039 819 raro
1061 759 1145 836 fieri,
1173 761 1336 822 Homericis

252 869 399 954 exemplis
419 867 611 948 demonstrat
624 865 773 927 Thiersch.
800 869 850 928 Gr.
872 867 921 927 Gr.
944 863 965 950 ς
988 865 1064 942 148,
1086 888 1120 927 n.
1139 866 1176 944 45
1199 867 1334 950 alioquin

253 978 287 1037 in
306 983 452 1060 promptu
474 971 551 1032 soret
570 993 626 1054 pro
645 977 759 1041 heren
778 971 876 1054 legere
896 977 1044 1042 barma.
1137 1001 1141 1010 ·

294 1081 345 1144 Vs.
367 1077 439 1140 164.
480 1085 539 1146 θεοῦ
560 1081 660 1159 πέρα)
699 1079 775 1161 Ergo
802 1080 878 1140 Deus
904 1077 979 1139 haec
1005 1078 1049 1138 illi
1075 1081 1207 1163 aperuit,
1241 1079 1337 1139 divini

256 1186 389 1248 numinis
416 1183 505 1246 effata
532 1195 603 1245 sunt
629 1205 706 1268 quae
727 1185 876 1245 enuntiat.
918 1183 961 1244 Gi.
983 1205 1059 1268 quae
1080 1185 1223 1245 annotavi
1246 1205 1335 1266 supra

258 1293 295 1356 ad
317 1312 359 1354 vs.
381 1291 492 1368 32-40,
515 1311 546 1373 p.
570 1287 638 1350 172.

298 1398 360 1460 Vas.
391 1393 535 1458 165-181.
577 1399 673 1476 Adraa
700 1399 756 1478 ipo
782 1402 945 1477 πιλίιιρσις
965 1400 1049 1471 κτλ.)
1091 1394 1261 1477 Simplicius
1281 1393 1338 1454 hos

256 1522 355 1564 versus
380 1499 503 1562 adhibet
533 1500 572 1560 ad
602 1499 814 1582 probandum,
845 1523 884 1562 ex
911 1499 1099 1584 Empedoclis
1128 1499 1273 1560 sententia
1303 1499 1337 1558 in

257 1605 375 1668 mundo
395 1627 460 1667 non
480 1605 575 1666 solam
596 1604 745 1665 dominari
765 1605 968 1682 Discordiam,
1000 1604 1051 1666 sed
1071 1605 1241 1666 Amicitiam
1262 1623 1340 1688 quo-

257 1733 333 1798 que,
355 1721 385 1772 et
404 1709 485 1772 hanc
504 1731 565 1772 esse
585 1731 685 1770 rerum
704 1721 828 1771 naturae
849 1709 999 1772 formandi
1017 1723 1180 1773 auctorem.
1208 1710 1341 1791 Apparet

258 1827 359 1879 aarum
386 1837 431 1886 err¹
451 1815 497 1876 his
524 1814 629 1892 dictis,
656 1819 775 1898 poitam
798 1818 864 1900 jam
887 1816 920 1876 in
941 1815 1188 1898 praecedentibus
1206 1813 1339 1876 verubus

258 1922 311 2005 qui
331 1920 550 1982 interciderunt
569 1919 607 1982 de
624 1919 777 1982 Amicitiae
795 1931 825 1980 et
843 1920 1012 1984 Discordiae
1029 1921 1081 1982 lite
1094 1921 1252 1995 cecinisse,
1267 1917 1340 1980 inde

257 2047 348 2110 porro
376 2025 565 2108 divagatnrn,
589 2029 655 2112 jam
679 2029 712 2086 in
738 2025 816 2087 riam
842 2028 947 2088 reverti
976 2032 1154 2108 (παλίνορσος
1177 2029 1343 2105 imsuper)

257 2141 287 2192 et
306 2151 429 2213 pergere
449 2151 486 2192 eo
505 2152 568 2215 quo
587 2131 707 2208 undat,
729 2130 768 2192 ad
782 2131 1011 2193 describendum
1020 2177 1030 2208 ‚
1049 2153 1109 2216 qua
1123 2132 1237 2193 ratione
1250 2129 1339 2213 paul-

259 2237 344 2297 latim
364 2235 473 2297 mundi
494 2257 621 2319 corpora
641 2258 747 2322 resque
767 2249 892 2299 naturae
913 2247 978 2298 orta
999 2239 1059 2298 sint
1077 2247 1107 2298 et
1126 2234 1261 2296 formata.

300 2342 350 2402 Vs.
366 2339 425 2402 165
438 2363 483 2426 sq.
526 2347 556 2419 ἐς
569 2349 650 2424 πόροι
662 2346 776 2424 ὕμνων.)
802 2347 903 2424 ὕμνους
917 2343 1016 2403 vocari
1028 2341 1185 2426 quodlibet
1198 2343 1339 2402 carminis

258 2467 371 2530 genus,
392 2445 481 2508 docet
500 2447 629 2509 Fischer.
649 2449 682 2508 in
703 2450 810 2510 hnacr.
833 2447 1026 2524 od.1x,11.
1061 2446 1137 2508 llinc
1151 2469 1169 2506 a
1182 2445 1339 2524 serior-ibus

257 2571 379 2636 quoque
406 2551 590 2613 Parmenidis
614 2563 643 2614 et
670 2553 858 2636 Empedoclis
886 2552 1019 2613 carmina
1046 2555 1124 2632 ipses
1145 2555 1341 2634 Φνσιιλιγικιὶ

258 2656 371 2732 vocati,
394 2665 428 2716 ut
448 2677 465 2716 a
485 2655 650 2717 Menandro
663 2659 788 2719 Enoom.
803 2661 834 2732 1,
855 2681 882 2719 c.
904 2657 942 2733 5,
966 2679 996 2741 p.
1014 2659 1065 2721 39.
1082 2693 1123 2704 -
1140 2659 1229 2720 Porro
1249 2665 1338 2742 λόγος

257 2765 405 2836 ἐκεῖνος
425 2762 590 2843 opponitur
607 2769 685 2846 λόγῳ
700 2769 749 2829 rie
765 2769 944 2844 astrum
960 2765 1120 2844 κατέλεξε,
1135 2765 1269 2850 adeoque
1288 2787 1339 2826 re-

257 2863 351 2927 fertur
369 2864 409 2926 ad
428 2866 733 2948 sequentia,non
754 2868 793 2929 ad
813 2868 1035 2952 superiora,
1056 2879 1091 2929 ut
1109 2869 1249 2931 censebat
1261 2872 1340 2954 Pey-

256 2991 364 3046 ronus;
392 2991 454 3054 quo
481 2991 568 3038 sensu
591 2976 696 3049 ἐκεῖνος
716 2973 832 3056 saepius
851 2973 987 3055 usurpari
1005 2975 1191 3054 grammatici
1212 2975 1337 3036 docent:

257 3074 295 3135 cf.
310 3073 449 3136 Matthiae
463 3074 510 3136 ed.
525 3097 572 3160 pr.
587 3075 609 3160 §
622 3076 693 3153 476,
708 3077 744 3154 4,
759 3075 916 3139 Αῐιίιιιιᾶι.
932 3088 962 3138 et
975 3075 1114 3154 Riihner,
1127 3077 1149 3162 5
1161 3077 1238 3154 631,
1252 3079 1283 3141 2.
1298 3115 1340 3130 ι-

254 3185 442 3262 §nezer-erim.
464 3183 501 3242 ln
511 3181 570 3242 hoc
581 3181 671 3243 codd.
680 3183 805 3244 variant:
813 3185 899 3245 laur.
910 3190 1098 3264 iroxmim,
1111 3185 1199 3246 uted.
1207 3186 1338 3270 Peyron.

254 3286 403 3369 probante
421 3287 532 3348 Naelio
552 3288 585 3346 in
599 3285 702 3348 Choer.
721 3287 884 3370 p.118sq.
927 3289 983 3351 Ox.
997 3303 1033 3357 A.
1048 3293 1239 3371 ὖξιχιτιύιιν,
1253 3291 1337 3375 quod
1452 3365 1455 3372 Ι

255 3389 340 3452 dedit
367 3391 456 3454 Gaias.
479 3390 609 3474 denique
631 3391 685 3453 Ox.
706 3405 735 3460 B.
758 3398 933 3474 ἐπιχιτιῦιιν
953 3417 1009 3477 pro
1032 3401 1228 3477 ἒπιχιτήιιν,
1252 3397 1337 3482 quod

255 3494 354 3556 solum
383 3495 458 3556 mihi
486 3495 667 3558 conveniens
695 3499 808 3559 visum:
838 3519 912 3559 nam
939 3506 1017 3583 λόγῳ
1041 3507 1130 3584 λόγου
1156 3508 1338 3585 &sexenam

255 3601 336 3662 valet
361 3599 443 3662 idem
468 3599 552 3685 quod
579 3606 666 3683 atyn
691 3606 741 3670 iet
766 3609 842 3687 λόγῳ
867 3607 1053 3688 laxassem.
1105 3609 1239 3670 Eandem
1265 3609 1338 3671 lect.

255 3707 373 3789 reperio
393 3705 427 3766 in
448 3703 579 3766 Brandis.
600 3704 697 3766 schol.
718 3707 837 3770 Aristot.
860 3729 891 3792 p.
908 3709 985 3787 507,
1004 3735 1032 3773 a.
1067 3713 1175 3797 Siquis
1190 3713 1227 3775 de
1242 3727 1339 3776 metro

256 3809 401 3871 sollicitus
430 3809 483 3886 sit,
513 3811 651 3872 consulat
679 3823 743 3873 not.
768 3813 813 3873 ad·
827 3835 867 3874 vs,
891 3813 999 3878 81-83.
1042 3817 1173 3881 Verbum
1199 3819 1237 3881 ab
1258 3823 1339 3904 aqui

257 3935 310 3996 per
327 3913 465 3976 canalem
481 3913 573 3974 ducti
587 3915 762 3977 translatum
778 3917 816 3977 ad
831 3920 971 3982 orationis
985 3921 1100 3985 flumen
1115 3945 1165 3986 ore
1178 3925 1339 4002 emissum;

260 4017 348 4079 simili
369 4019 428 4080 fere
451 4039 537 4079 sensu
559 4021 712 4103 usurpavit
732 4020 807 4082 illud
830 4045 918 4106 snpra
940 4047 980 4086 vs.
1000 4027 1049 4088 42.
1088 4111 1093 4119 .
