<?xml version="1.0" encoding="UTF-8"?>
<!DOCTYPE html PUBLIC "-//W3C//DTD XHTML 1.0 Transitional//EN"
    "http://www.w3.org/TR/xhtml1/DTD/xhtml1-transitional.dtd">
<html xmlns="http://www.w3.org/1999/xhtml" xml:lang="en" lang="en">
 <head>
  <title>
</title>
<meta http-equiv="Content-Type" content="text/html;charset=utf-8" />
  <meta name='ocr-system' content='tesseract 3.04.00' />
  <meta name='ocr-capabilities' content='ocr_page ocr_carea ocr_par ocr_line ocrx_word'/>
</head>
<body>
  <div class='ocr_page' id='page_1' title='image "./philosophorumgr00xenogoog_0044.png"; bbox 0 0 2958 4822; ppageno 0'>
   <div class='ocr_carea' id='block_1_1' title="bbox 235 349 913 412">
    <p class='ocr_par' dir='ltr' id='par_1_1' title="bbox 235 349 913 412">
     <span class='ocr_line' id='line_1_1' title="bbox 235 349 913 412; baseline -0.004 -1"><span class='ocrx_word' id='word_1_1' title='bbox 235 349 275 411; x_wconf 81' lang='grc'><strong>28</strong></span> <span class='ocrx_word' id='word_1_2' title='bbox 628 361 674 410; x_wconf 73' lang='grc' dir='ltr'><strong>Μ</strong></span> <span class='ocrx_word' id='word_1_3' title='bbox 697 351 913 412; x_wconf 73' lang='lat' dir='ltr'><strong>limbott&#39;bls</strong></span> 
     </span>
    </p>
   </div>
   <div class='ocr_carea' id='block_1_2' title="bbox 183 515 1307 2444">
    <p class='ocr_par' dir='ltr' id='par_1_2' title="bbox 183 515 1307 2444">
     <span class='ocr_line' id='line_1_2' title="bbox 234 515 1305 630; baseline -0.007 -26"><span class='ocrx_word' id='word_1_4' title='bbox 234 529 371 605; x_wconf 81' lang='lat' dir='ltr'><strong>crebuit</strong></span> <span class='ocrx_word' id='word_1_5' title='bbox 388 531 448 620; x_wconf 83' lang='lat'><strong>⁶⁹,</strong></span> <span class='ocrx_word' id='word_1_6' title='bbox 482 523 598 630; x_wconf 82' lang='lat' dir='ltr'><strong>idque</strong></span> <span class='ocrx_word' id='word_1_7' title='bbox 622 523 699 602; x_wconf 82' lang='lat' dir='ltr'><strong>nori</strong></span> <span class='ocrx_word' id='word_1_8' title='bbox 726 541 806 628; x_wconf 79' lang='lat' dir='ltr'><strong>poet</strong></span> <span class='ocrx_word' id='word_1_9' title='bbox 834 519 988 600; x_wconf 84' lang='lat' dir='ltr'><strong>mortem</strong></span> <span class='ocrx_word' id='word_1_10' title='bbox 1017 517 1120 626; x_wconf 78' lang='lat' dir='ltr'><strong>ajub,</strong></span> <span class='ocrx_word' id='word_1_11' title='bbox 1146 515 1215 598; x_wconf 75' lang='lat' dir='ltr'><strong>&#39;eod&#39;</strong></span> <span class='ocrx_word' id='word_1_12' title='bbox 1234 524 1305 624; x_wconf 85' lang='lat' dir='ltr'><strong>jam</strong></span> 
     </span>
     <span class='ocr_line' id='line_1_3' title="bbox 233 639 1306 748; baseline -0.006 -24"><span class='ocrx_word' id='word_1_13' title='bbox 233 653 315 726; x_wconf 85' lang='lat' dir='ltr'><strong>rivo</strong></span> <span class='ocrx_word' id='word_1_14' title='bbox 344 649 404 724; x_wconf 92' lang='lat' dir='ltr'><strong>illo</strong></span> <span class='ocrx_word' id='word_1_15' title='bbox 432 649 575 725; x_wconf 84' lang='lat' dir='ltr'><strong>videtur</strong></span> <span class='ocrx_word' id='word_1_16' title='bbox 607 647 870 748; x_wconf 82' lang='lat' dir='ltr'><strong>pervulgatum.</strong></span> <span class='ocrx_word' id='word_1_17' title='bbox 920 639 1085 744; x_wconf 75' lang='lat' dir='ltr'><strong>Gorgiae,</strong></span> <span class='ocrx_word' id='word_1_18' title='bbox 1114 660 1158 720; x_wconf 92' lang='lat' dir='ltr'><strong>ut</strong></span> <span class='ocrx_word' id='word_1_19' title='bbox 1185 659 1306 718; x_wconf 89' lang='lat' dir='ltr'><strong>narrat</strong></span> 
     </span>
     <span class='ocr_line' id='line_1_4' title="bbox 233 765 1305 874; baseline -0.004 -28"><span class='ocrx_word' id='word_1_20' title='bbox 233 775 390 874; x_wconf 83' lang='lat' dir='ltr'><strong>Satynra‚</strong></span> <span class='ocrx_word' id='word_1_21' title='bbox 411 769 589 872; x_wconf 80' lang='lat' dir='ltr'><strong>profereus</strong></span> <span class='ocrx_word' id='word_1_22' title='bbox 610 783 664 844; x_wconf 83' lang='lat' dir='ltr'><strong>eat</strong></span> <span class='ocrx_word' id='word_1_23' title='bbox 683 793 722 842; x_wconf 87' lang='lat' dir='ltr'><strong>ee</strong></span> <span class='ocrx_word' id='word_1_24' title='bbox 743 765 994 867; x_wconf 82' lang='lat' dir='ltr'><strong>Empedoclem</strong></span> <span class='ocrx_word' id='word_1_25' title='bbox 1013 765 1143 842; x_wconf 29' lang='lat' dir='ltr'><strong>*utine</strong></span> <span class='ocrx_word' id='word_1_26' title='bbox 1163 773 1305 866; x_wconf 68' lang='lat' dir='ltr'><strong>pomet-</strong></span> 
     </span>
     <span class='ocr_line' id='line_1_5' title="bbox 234 884 1305 990; baseline -0.003 -24"><span class='ocrx_word' id='word_1_27' title='bbox 234 921 314 968; x_wconf 77' lang='lat' dir='ltr'><strong>ovre</strong></span> <span class='ocrx_word' id='word_1_28' title='bbox 325 901 381 966; x_wconf 85' lang='lat'><strong>⁷⁰.</strong></span> <span class='ocrx_word' id='word_1_29' title='bbox 424 897 589 982; x_wconf 73' lang='grc' dir='ltr'>Γοητεύειν</span> <span class='ocrx_word' id='word_1_30' title='bbox 610 887 853 990; x_wconf 80' lang='lat' dir='ltr'><strong>appellabatur</strong></span> <span class='ocrx_word' id='word_1_31' title='bbox 868 884 1016 960; x_wconf 74' lang='lat' dir='ltr'><strong>facrrltae</strong></span> <span class='ocrx_word' id='word_1_32' title='bbox 1032 886 1305 963; x_wconf 77' lang='lat' dir='ltr'><strong>incantamentis</strong></span> 
     </span>
     <span class='ocr_line' id='line_1_6' title="bbox 232 992 1303 1101; baseline -0.005 -12"><span class='ocrx_word' id='word_1_33' title='bbox 232 1013 350 1090; x_wconf 85' lang='lat' dir='ltr'><strong>aliis&#39;re</strong></span> <span class='ocrx_word' id='word_1_34' title='bbox 395 1013 516 1088; x_wconf 78' lang='lat' dir='ltr'><strong>modic</strong></span> <span class='ocrx_word' id='word_1_35' title='bbox 545 1011 692 1087; x_wconf 84' lang='lat' dir='ltr'><strong>umbrae</strong></span> <span class='ocrx_word' id='word_1_36' title='bbox 731 1035 777 1084; x_wconf 83' lang='lat' dir='ltr'><strong>ex</strong></span> <span class='ocrx_word' id='word_1_37' title='bbox 812 1008 935 1081; x_wconf 80' lang='lat' dir='ltr'><strong>inferio</strong></span> <span class='ocrx_word' id='word_1_38' title='bbox 969 1008 1157 1101; x_wconf 76' lang='lat' dir='ltr'><strong>evocandi,</strong></span> <span class='ocrx_word' id='word_1_39' title='bbox 1193 992 1303 1084; x_wconf 81' lang='lat' dir='ltr'><strong>malco</strong></span> 
     </span>
     <span class='ocr_line' id='line_1_7' title="bbox 232 1127 1304 1236; baseline -0.007 -26"><span class='ocrx_word' id='word_1_40' title='bbox 232 1139 351 1236; x_wconf 83' lang='lat' dir='ltr'><strong>genios</strong></span> <span class='ocrx_word' id='word_1_41' title='bbox 377 1135 558 1234; x_wconf 83' lang='lat' dir='ltr'>placandi,</span> <span class='ocrx_word' id='word_1_42' title='bbox 593 1135 718 1207; x_wconf 86' lang='lat' dir='ltr'><strong>futura</strong></span> <span class='ocrx_word' id='word_1_43' title='bbox 743 1127 999 1230; x_wconf 85' lang='lat' dir='ltr'><strong>portendendi‚</strong></span> <span class='ocrx_word' id='word_1_44' title='bbox 1032 1129 1191 1230; x_wconf 88' lang='lat' dir='ltr'><strong>denique</strong></span> <span class='ocrx_word' id='word_1_45' title='bbox 1214 1132 1304 1204; x_wconf 82' lang='lat' dir='ltr'><strong>mira</strong></span> 
     </span>
     <span class='ocr_line' id='line_1_8' title="bbox 207 1249 1304 1356; baseline -0.005 -27"><span class='ocrx_word' id='word_1_46' title='bbox 207 1271 212 1282; x_wconf 83' lang='lat'>&#39;</span> <span class='ocrx_word' id='word_1_47' title='bbox 232 1257 378 1356; x_wconf 80' lang='lat' dir='ltr'>quaevis</span> <span class='ocrx_word' id='word_1_48' title='bbox 397 1255 624 1355; x_wconf 85' lang='lat' dir='ltr'><strong>perpetrandi</strong></span> <span class='ocrx_word' id='word_1_49' title='bbox 638 1263 692 1325; x_wconf 84' lang='lat'><strong>⁷¹.</strong></span> <span class='ocrx_word' id='word_1_50' title='bbox 726 1253 830 1344; x_wconf 83' lang='lat' dir='ltr'><strong>Quae</strong></span> <span class='ocrx_word' id='word_1_51' title='bbox 846 1275 901 1324; x_wconf 83' lang='lat' dir='ltr'><strong>res</strong></span> <span class='ocrx_word' id='word_1_52' title='bbox 911 1251 1099 1350; x_wconf 86' lang='lat' dir='ltr'><strong>&#39;quantum</strong></span> <span class='ocrx_word' id='word_1_53' title='bbox 1115 1249 1304 1326; x_wconf 81' lang='lat' dir='ltr'><strong>acrioribus</strong></span> 
     </span>
     <span class='ocr_line' id='line_1_9' title="bbox 233 1369 1305 1475; baseline -0.004 -27"><span class='ocrx_word' id='word_1_54' title='bbox 233 1375 450 1475; x_wconf 82' lang='lat' dir='ltr'><strong>temporibus</strong></span> <span class='ocrx_word' id='word_1_55' title='bbox 479 1375 658 1475; x_wconf 83' lang='lat' dir='ltr'><strong>despecta,</strong></span> <span class='ocrx_word' id='word_1_56' title='bbox 690 1388 789 1446; x_wconf 86' lang='lat' dir='ltr'><strong>tanto</strong></span> <span class='ocrx_word' id='word_1_57' title='bbox 820 1371 860 1443; x_wconf 90' lang='lat' dir='ltr'><strong>in</strong></span> <span class='ocrx_word' id='word_1_58' title='bbox 893 1370 1030 1446; x_wconf 89' lang='lat' dir='ltr'><strong>honore</strong></span> <span class='ocrx_word' id='word_1_59' title='bbox 1057 1369 1154 1469; x_wconf 87' lang='lat' dir='ltr'><strong>apud</strong></span> <span class='ocrx_word' id='word_1_60' title='bbox 1177 1373 1305 1470; x_wconf 77' lang='lat' dir='ltr'><strong>priecoe&#39;</strong></span> 
     </span>
     <span class='ocr_line' id='line_1_10' title="bbox 183 1493 1305 1596; baseline -0.004 -27"><span class='ocrx_word' id='word_1_61' title='bbox 183 1521 186 1525; x_wconf 88' lang='lat'>·</span> <span class='ocrx_word' id='word_1_62' title='bbox 233 1495 321 1590; x_wconf 83' lang='lat' dir='ltr'><strong>fuit,</strong></span> <span class='ocrx_word' id='word_1_63' title='bbox 345 1495 477 1596; x_wconf 81' lang='lat' dir='ltr'><strong>quibua</strong></span> <span class='ocrx_word' id='word_1_64' title='bbox 499 1498 603 1570; x_wconf 88' lang='lat' dir='ltr'><strong>insita</strong></span> <span class='ocrx_word' id='word_1_65' title='bbox 631 1509 707 1580; x_wconf 87' lang='lat' dir='ltr'><strong>erat</strong></span> <span class='ocrx_word' id='word_1_66' title='bbox 729 1494 868 1594; x_wconf 89' lang='lat' dir='ltr'><strong>opinio,</strong></span> <span class='ocrx_word' id='word_1_67' title='bbox 895 1494 982 1569; x_wconf 88' lang='lat' dir='ltr'><strong>viris</strong></span> <span class='ocrx_word' id='word_1_68' title='bbox 1003 1495 1146 1592; x_wconf 82' lang='lat' dir='ltr'><strong>ingenio</strong></span> <span class='ocrx_word' id='word_1_69' title='bbox 1167 1507 1204 1566; x_wconf 89' lang='lat' dir='ltr'><strong>et</strong></span> <span class='ocrx_word' id='word_1_70' title='bbox 1228 1493 1305 1566; x_wconf 81' lang='lat' dir='ltr'><strong>vir-</strong></span> 
     </span>
     <span class='ocr_line' id='line_1_11' title="bbox 233 1607 1305 1716; baseline -0.005 -25"><span class='ocrx_word' id='word_1_71' title='bbox 233 1632 311 1691; x_wconf 86' lang='lat' dir='ltr'><strong>tute</strong></span> <span class='ocrx_word' id='word_1_72' title='bbox 332 1617 647 1716; x_wconf 72' lang='lat' dir='ltr'><strong>praecellentibus,</strong></span> <span class='ocrx_word' id='word_1_73' title='bbox 676 1618 787 1690; x_wconf 79' lang='lat' dir='ltr'><strong>artius</strong></span> <span class='ocrx_word' id='word_1_74' title='bbox 808 1641 882 1691; x_wconf 86' lang='lat' dir='ltr'><strong>esee</strong></span> <span class='ocrx_word' id='word_1_75' title='bbox 904 1637 989 1690; x_wconf 86' lang='lat' dir='ltr'><strong>cum</strong></span> <span class='ocrx_word' id='word_1_76' title='bbox 1008 1607 1074 1688; x_wconf 78' lang='lat' dir='ltr'><strong>‹lria</strong></span> <span class='ocrx_word' id='word_1_77' title='bbox 1095 1613 1305 1703; x_wconf 82' lang='lat' dir='ltr'><strong>commerci-</strong></span> 
     </span>
     <span class='ocr_line' id='line_1_12' title="bbox 233 1735 1303 1836; baseline -0.005 -25"><span class='ocrx_word' id='word_1_78' title='bbox 233 1765 316 1828; x_wconf 88' lang='lat' dir='ltr'><strong>um,</strong></span> <span class='ocrx_word' id='word_1_79' title='bbox 346 1740 458 1836; x_wconf 85' lang='lat' dir='ltr'><strong>iisque</strong></span> <span class='ocrx_word' id='word_1_80' title='bbox 487 1751 693 1836; x_wconf 83' lang='lat' dir='ltr'><strong>potestatem</strong></span> <span class='ocrx_word' id='word_1_81' title='bbox 721 1737 896 1812; x_wconf 86' lang='lat' dir='ltr'><strong>divinitus</strong></span> <span class='ocrx_word' id='word_1_82' title='bbox 923 1735 1041 1808; x_wconf 89' lang='lat' dir='ltr'><strong>datam</strong></span> <span class='ocrx_word' id='word_1_83' title='bbox 1071 1735 1163 1809; x_wconf 87' lang='lat' dir='ltr'><strong>mala</strong></span> <span class='ocrx_word' id='word_1_84' title='bbox 1194 1759 1303 1810; x_wconf 84' lang='lat' dir='ltr'><strong>aver-</strong></span> 
     </span>
     <span class='ocr_line' id='line_1_13' title="bbox 234 1856 1305 1958; baseline -0.004 -27"><span class='ocrx_word' id='word_1_85' title='bbox 234 1857 352 1948; x_wconf 87' lang='lat' dir='ltr'><strong>tendi,</strong></span> <span class='ocrx_word' id='word_1_86' title='bbox 392 1856 518 1930; x_wconf 87' lang='lat' dir='ltr'><strong>scelera</strong></span> <span class='ocrx_word' id='word_1_87' title='bbox 555 1857 743 1957; x_wconf 81' lang='lat' dir='ltr'><strong>expiandi,</strong></span> <span class='ocrx_word' id='word_1_88' title='bbox 784 1873 850 1931; x_wconf 88' lang='lat' dir='ltr'><strong>cet.</strong></span> <span class='ocrx_word' id='word_1_89' title='bbox 919 1860 1150 1958; x_wconf 88' lang='lat' dir='ltr'><strong>Quamquam</strong></span> <span class='ocrx_word' id='word_1_90' title='bbox 1183 1869 1305 1928; x_wconf 86' lang='lat' dir='ltr'><strong>autem</strong></span> 
     </span>
     <span class='ocr_line' id='line_1_14' title="bbox 233 1975 1306 2081; baseline -0.003 -28"><span class='ocrx_word' id='word_1_91' title='bbox 233 1986 304 2080; x_wconf 80' lang='lat' dir='ltr'><strong>jam</strong></span> <span class='ocrx_word' id='word_1_92' title='bbox 332 2003 376 2051; x_wconf 91' lang='lat' dir='ltr'><strong>eo</strong></span> <span class='ocrx_word' id='word_1_93' title='bbox 397 1993 557 2077; x_wconf 88' lang='lat' dir='ltr'><strong>tempore</strong></span> <span class='ocrx_word' id='word_1_94' title='bbox 581 1981 620 2052; x_wconf 88' lang='lat' dir='ltr'><strong>in</strong></span> <span class='ocrx_word' id='word_1_95' title='bbox 646 1981 790 2054; x_wconf 83' lang='lat' dir='ltr'><strong>Graecia</strong></span> <span class='ocrx_word' id='word_1_96' title='bbox 813 2007 876 2081; x_wconf 88' lang='lat' dir='ltr'><strong>per</strong></span> <span class='ocrx_word' id='word_1_97' title='bbox 898 1975 1155 2078; x_wconf 60' lang='lat' dir='ltr'><strong>varii‘generie</strong></span> <span class='ocrx_word' id='word_1_98' title='bbox 1172 1979 1306 2075; x_wconf 83' lang='lat' dir='ltr'><strong>impos-</strong></span> 
     </span>
     <span class='ocr_line' id='line_1_15' title="bbox 234 2096 1305 2201; baseline -0.007 -23"><span class='ocrx_word' id='word_1_99' title='bbox 234 2117 325 2178; x_wconf 80' lang='lat' dir='ltr'><strong>tores</strong></span> <span class='ocrx_word' id='word_1_100' title='bbox 344 2097 482 2199; x_wconf 83' lang='lat' dir='ltr'><strong>(qualca</strong></span> <span class='ocrx_word' id='word_1_101' title='bbox 502 2125 648 2200; x_wconf 89' lang='lat' dir='ltr'><strong>quoque</strong></span> <span class='ocrx_word' id='word_1_102' title='bbox 672 2100 698 2172; x_wconf 83' lang='lat' dir='ltr'><strong>ii</strong></span> <span class='ocrx_word' id='word_1_103' title='bbox 725 2101 879 2176; x_wconf 88' lang='lat' dir='ltr'><strong>fuerunt</strong></span> <span class='ocrx_word' id='word_1_104' title='bbox 902 2101 966 2201; x_wconf 88' lang='lat' dir='ltr'><strong>qui</strong></span> <span class='ocrx_word' id='word_1_105' title='bbox 988 2099 1147 2196; x_wconf 82' lang='lat' dir='ltr'><strong>Corinthi</strong></span> <span class='ocrx_word' id='word_1_106' title='bbox 1170 2123 1207 2171; x_wconf 80' lang='lat' dir='ltr'><strong>se</strong></span> <span class='ocrx_word' id='word_1_107' title='bbox 1232 2096 1305 2172; x_wconf 78' lang='lat' dir='ltr'><strong>irre-</strong></span> 
     </span>
     <span class='ocr_line' id='line_1_16' title="bbox 234 2216 1307 2322; baseline -0.008 -23"><span class='ocrx_word' id='word_1_108' title='bbox 234 2223 393 2322; x_wconf 70' lang='lat' dir='ltr'><strong>ptrroirec</strong></span> <span class='ocrx_word' id='word_1_109' title='bbox 425 2219 678 2319; x_wconf 86' lang='lat' dir='ltr'><strong>profiterentur</strong></span> <span class='ocrx_word' id='word_1_110' title='bbox 707 2223 767 2321; x_wconf 75' lang='lat'><strong>⁷²)</strong></span> <span class='ocrx_word' id='word_1_111' title='bbox 798 2223 934 2322; x_wconf 72' lang='lat' dir='ltr'><strong>ponceio</strong></span> <span class='ocrx_word' id='word_1_112' title='bbox 965 2222 1039 2320; x_wconf 90' lang='lat' dir='ltr'><strong>jam</strong></span> <span class='ocrx_word' id='word_1_113' title='bbox 1070 2223 1108 2292; x_wconf 94' lang='lat' dir='ltr'><strong>in</strong></span> <span class='ocrx_word' id='word_1_114' title='bbox 1141 2216 1307 2293; x_wconf 85' lang='lat' dir='ltr'><strong>fraudem</strong></span> 
     </span>
     <span class='ocr_line' id='line_1_17' title="bbox 234 2339 1306 2444; baseline -0.007 -24"><span class='ocrx_word' id='word_1_115' title='bbox 234 2343 324 2424; x_wconf 86' lang='lat' dir='ltr'><strong>verti</strong></span> <span class='ocrx_word' id='word_1_116' title='bbox 346 2342 512 2440; x_wconf 79' lang='lat' dir='ltr'><strong>coepisset</strong></span> <span class='ocrx_word' id='word_1_117' title='bbox 535 2357 571 2414; x_wconf 95' lang='lat' dir='ltr'><strong>et</strong></span> <span class='ocrx_word' id='word_1_118' title='bbox 589 2342 708 2442; x_wconf 72' lang='grc' dir='ltr'><em>γόητες</em></span> <span class='ocrx_word' id='word_1_119' title='bbox 730 2344 836 2419; x_wconf 91' lang='lat' dir='ltr'><strong>iidem</strong></span> <span class='ocrx_word' id='word_1_120' title='bbox 860 2345 937 2418; x_wconf 85' lang='lat' dir='ltr'><strong>sere</strong></span> <span class='ocrx_word' id='word_1_121' title='bbox 956 2345 1021 2444; x_wconf 91' lang='lat' dir='ltr'><strong>qui</strong></span> <span class='ocrx_word' id='word_1_122' title='bbox 1038 2339 1306 2441; x_wconf 78' lang='lat' dir='ltr'><strong>praestigia·</strong></span> 
     </span>
    </p>
   </div>
   <div class='ocr_carea' id='block_1_3' title="bbox 233 2535 1341 4123">
    <p class='ocr_par' dir='ltr' id='par_1_3' title="bbox 233 2535 1341 3060">
     <span class='ocr_line' id='line_1_18' title="bbox 263 2535 1309 2608; baseline -0.004 -16"><span class='ocrx_word' id='word_1_123' title='bbox 263 2540 320 2608; x_wconf 83' lang='lat'><strong>(69)</strong></span> <span class='ocrx_word' id='word_1_124' title='bbox 336 2539 443 2593; x_wconf 74' lang='grc' dir='ltr'>Μάντις</span> <span class='ocrx_word' id='word_1_125' title='bbox 459 2535 605 2606; x_wconf 82' lang='lat' dir='ltr'><strong>appellatur</strong></span> <span class='ocrx_word' id='word_1_126' title='bbox 620 2537 654 2590; x_wconf 84' lang='lat' dir='ltr'><strong>eb</strong></span> <span class='ocrx_word' id='word_1_127' title='bbox 672 2539 807 2592; x_wconf 82' lang='lat' dir='ltr'><strong>Heraclide</strong></span> <span class='ocrx_word' id='word_1_128' title='bbox 825 2555 866 2608; x_wconf 81' lang='lat' dir='ltr'><strong>ap.</strong></span> <span class='ocrx_word' id='word_1_129' title='bbox 883 2538 958 2604; x_wconf 75' lang='lat' dir='ltr'><strong>Diog.</strong></span> <span class='ocrx_word' id='word_1_130' title='bbox 976 2537 1063 2590; x_wconf 67' lang='lat' dir='ltr'><strong>Laeti.</strong></span> <span class='ocrx_word' id='word_1_131' title='bbox 1079 2539 1159 2600; x_wconf 79' lang='lat' dir='ltr'><strong>vill,</strong></span> <span class='ocrx_word' id='word_1_132' title='bbox 1177 2535 1225 2600; x_wconf 75' lang='lat'><strong>613</strong></span> <span class='ocrx_word' id='word_1_133' title='bbox 1244 2536 1309 2604; x_wconf 70' lang='grc' dir='ltr'><strong>γόης</strong></span> 
     </span>
     <span class='ocr_line' id='line_1_19' title="bbox 233 2625 1307 2692; baseline -0.007 -10"><span class='ocrx_word' id='word_1_134' title='bbox 233 2649 247 2682; x_wconf 83' lang='grc' dir='ltr'>ι</span> <span class='ocrx_word' id='word_1_135' title='bbox 264 2629 340 2682; x_wconf 87' lang='lat' dir='ltr'><strong>Suida</strong></span> <span class='ocrx_word' id='word_1_136' title='bbox 360 2628 387 2677; x_wconf 91' lang='lat' dir='ltr'><strong>iu</strong></span> <span class='ocrx_word' id='word_1_137' title='bbox 407 2627 521 2686; x_wconf 67' lang='grc' dir='ltr'>ἄπνοιιςς</span> <span class='ocrx_word' id='word_1_138' title='bbox 536 2625 612 2677; x_wconf 89' lang='lat' dir='ltr'><strong>ambo</strong></span> <span class='ocrx_word' id='word_1_139' title='bbox 628 2627 767 2690; x_wconf 75' lang='lat' dir='ltr'><strong>vocabula,</strong></span> <span class='ocrx_word' id='word_1_140' title='bbox 783 2636 814 2678; x_wconf 91' lang='lat' dir='ltr'><strong>ut</strong></span> <span class='ocrx_word' id='word_1_141' title='bbox 827 2634 948 2692; x_wconf 79' lang='lat' dir='ltr'><strong>cognatae</strong></span> <span class='ocrx_word' id='word_1_142' title='bbox 965 2625 1165 2692; x_wconf 72' lang='lat' dir='ltr'><strong>significationis,</strong></span> <span class='ocrx_word' id='word_1_143' title='bbox 1176 2625 1307 2678; x_wconf 85' lang='lat' dir='ltr'><strong>interdum</strong></span> 
     </span>
     <span class='ocr_line' id='line_1_20' title="bbox 233 2704 1341 2788; baseline 0 -16"><span class='ocrx_word' id='word_1_144' title='bbox 233 2722 446 2787; x_wconf 69' lang='lat' dir='ltr'><strong>coniunguntur:</strong></span> <span class='ocrx_word' id='word_1_145' title='bbox 462 2717 513 2768; x_wconf 84' lang='lat' dir='ltr'><strong>rid.</strong></span> <span class='ocrx_word' id='word_1_146' title='bbox 533 2715 632 2768; x_wconf 82' lang='lat' dir='ltr'><strong>Platon.</strong></span> <span class='ocrx_word' id='word_1_147' title='bbox 650 2716 738 2786; x_wconf 80' lang='lat' dir='ltr'><strong>Symp.</strong></span> <span class='ocrx_word' id='word_1_148' title='bbox 755 2733 780 2786; x_wconf 89' lang='lat' dir='ltr'><strong>p.</strong></span> <span class='ocrx_word' id='word_1_149' title='bbox 799 2731 846 2768; x_wconf 82' lang='lat' dir='ltr'><strong>aot</strong></span> <span class='ocrx_word' id='word_1_150' title='bbox 863 2717 891 2770; x_wconf 82' lang='lat' dir='ltr'><strong>E.</strong></span> <span class='ocrx_word' id='word_1_151' title='bbox 909 2717 984 2785; x_wconf 77' lang='grc' dir='ltr'><strong>Γόης</strong></span> <span class='ocrx_word' id='word_1_152' title='bbox 999 2727 1087 2768; x_wconf 82' lang='lat' dir='ltr'><strong>autem</strong></span> <span class='ocrx_word' id='word_1_153' title='bbox 1105 2723 1133 2768; x_wconf 88' lang='lat' dir='ltr'><strong>ct</strong></span> <span class='ocrx_word' id='word_1_154' title='bbox 1153 2719 1237 2786; x_wconf 74' lang='grc' dir='ltr'><strong><em>μάγος</em></strong></span> <span class='ocrx_word' id='word_1_155' title='bbox 1257 2733 1308 2788; x_wconf 86' lang='lat' dir='ltr'><strong>pro</strong></span> <span class='ocrx_word' id='word_1_156' title='bbox 1339 2704 1341 2708; x_wconf 70' lang='lat'>‚</span> 
     </span>
     <span class='ocr_line' id='line_1_21' title="bbox 233 2795 1308 2878; baseline 0.001 -18"><span class='ocrx_word' id='word_1_157' title='bbox 233 2809 380 2878; x_wconf 71' lang='lat' dir='ltr'><strong>synonymia</strong></span> <span class='ocrx_word' id='word_1_158' title='bbox 398 2814 575 2874; x_wconf 69' lang='lat' dir='ltr'><strong>usurpentun</strong></span> <span class='ocrx_word' id='word_1_159' title='bbox 603 2823 760 2878; x_wconf 84' lang='lat' dir='ltr'><strong>quamquam</strong></span> <span class='ocrx_word' id='word_1_160' title='bbox 774 2795 889 2876; x_wconf 57' lang='lat' dir='ltr'><strong>&#39;proprie</strong></span> <span class='ocrx_word' id='word_1_161' title='bbox 907 2807 1084 2874; x_wconf 67' lang='lat' dir='ltr'><strong>duringocnda</strong></span> <span class='ocrx_word' id='word_1_162' title='bbox 1103 2811 1246 2862; x_wconf 75' lang='lat' dir='ltr'><strong>secundum</strong></span> <span class='ocrx_word' id='word_1_163' title='bbox 1265 2809 1308 2862; x_wconf 78' lang='lat' dir='ltr'><strong>tle·</strong></span> 
     </span>
     <span class='ocr_line' id='line_1_22' title="bbox 233 2897 1307 2970; baseline -0.002 -19"><span class='ocrx_word' id='word_1_164' title='bbox 233 2899 361 2951; x_wconf 75' lang='lat' dir='ltr'><strong>finitiones</strong></span> <span class='ocrx_word' id='word_1_165' title='bbox 381 2897 618 2964; x_wconf 76' lang='lat' dir='ltr'><strong>grammaticorum,</strong></span> <span class='ocrx_word' id='word_1_166' title='bbox 637 2901 667 2950; x_wconf 77' lang='grc' dir='ltr'><strong>ιιι</strong></span> <span class='ocrx_word' id='word_1_167' title='bbox 688 2897 781 2950; x_wconf 81' lang='lat' dir='ltr'><strong>Suitlae</strong></span> <span class='ocrx_word' id='word_1_168' title='bbox 800 2917 824 2951; x_wconf 85' lang='lat' dir='ltr'><strong>v.</strong></span> <span class='ocrx_word' id='word_1_169' title='bbox 843 2903 966 2970; x_wconf 73' lang='lat' dir='ltr'><strong>yqryralc.</strong></span> <span class='ocrx_word' id='word_1_170' title='bbox 988 2897 1115 2951; x_wconf 81' lang='lat' dir='ltr'><strong>Eudocite</strong></span> <span class='ocrx_word' id='word_1_171' title='bbox 1128 2898 1193 2951; x_wconf 82' lang='lat' dir='ltr'><strong>Viol.</strong></span> <span class='ocrx_word' id='word_1_172' title='bbox 1216 2915 1240 2968; x_wconf 89' lang='lat' dir='ltr'><strong>p.</strong></span> <span class='ocrx_word' id='word_1_173' title='bbox 1262 2899 1307 2962; x_wconf 70' lang='lat' dir='ltr'><strong>lyr,</strong></span> 
     </span>
     <span class='ocr_line' id='line_1_23' title="bbox 235 2986 921 3060; baseline 0.003 -19"><span class='ocrx_word' id='word_1_174' title='bbox 235 2990 290 3050; x_wconf 63' lang='lat' dir='ltr'><strong>abt.</strong></span> <span class='ocrx_word' id='word_1_175' title='bbox 311 2988 343 3039; x_wconf 86' lang='lat' dir='ltr'><strong>cl.</strong></span> <span class='ocrx_word' id='word_1_176' title='bbox 363 2988 482 3038; x_wconf 84' lang='lat' dir='ltr'><strong>Creuzcr.</strong></span> <span class='ocrx_word' id='word_1_177' title='bbox 502 2987 530 3037; x_wconf 86' lang='lat' dir='ltr'><strong>in</strong></span> <span class='ocrx_word' id='word_1_178' title='bbox 550 2986 644 3040; x_wconf 86' lang='lat' dir='ltr'><strong>Plotio.</strong></span> <span class='ocrx_word' id='word_1_179' title='bbox 666 2987 699 3040; x_wconf 91' lang='lat' dir='ltr'><strong>de</strong></span> <span class='ocrx_word' id='word_1_180' title='bbox 719 2989 802 3058; x_wconf 90' lang='lat' dir='ltr'><strong>pulcr.</strong></span> <span class='ocrx_word' id='word_1_181' title='bbox 820 3007 845 3060; x_wconf 91' lang='lat' dir='ltr'><strong>p.</strong></span> <span class='ocrx_word' id='word_1_182' title='bbox 864 2991 921 3054; x_wconf 70' lang='grc'><strong>348.</strong></span> 
     </span>
    </p>

    <p class='ocr_par' dir='ltr' id='par_1_4' title="bbox 265 3075 703 3148">
     <span class='ocr_line' id='line_1_24' title="bbox 265 3075 703 3148; baseline 0.007 -18"><span class='ocrx_word' id='word_1_183' title='bbox 265 3077 323 3144; x_wconf 80' lang='lat'><strong>(70)</strong></span> <span class='ocrx_word' id='word_1_184' title='bbox 339 3075 411 3140; x_wconf 78' lang='lat' dir='ltr'><strong>Diog.</strong></span> <span class='ocrx_word' id='word_1_185' title='bbox 427 3076 512 3129; x_wconf 72' lang='lat' dir='ltr'><strong>laert.</strong></span> <span class='ocrx_word' id='word_1_186' title='bbox 530 3079 609 3141; x_wconf 74' lang='lat' dir='ltr'><strong>vill,</strong></span> <span class='ocrx_word' id='word_1_187' title='bbox 629 3096 648 3131; x_wconf 86' lang='lat' dir='ltr'><strong>r.</strong></span> <span class='ocrx_word' id='word_1_188' title='bbox 664 3077 703 3148; x_wconf 85' lang='lat'><strong>59.</strong></span> 
     </span>
    </p>

    <p class='ocr_par' dir='ltr' id='par_1_5' title="bbox 233 3165 1310 3962">
     <span class='ocr_line' id='line_1_25' title="bbox 249 3165 1309 3240; baseline 0.007 -20"><span class='ocrx_word' id='word_1_189' title='bbox 249 3165 251 3170; x_wconf 79' lang='grc'><strong>’</strong></span> <span class='ocrx_word' id='word_1_190' title='bbox 265 3167 323 3234; x_wconf 79' lang='lat'><strong>(71)</strong></span> <span class='ocrx_word' id='word_1_191' title='bbox 338 3169 413 3236; x_wconf 78' lang='grc' dir='ltr'><strong>Γόης</strong></span> <span class='ocrx_word' id='word_1_192' title='bbox 420 3167 531 3218; x_wconf 85' lang='lat' dir='ltr'><strong>derivari</strong></span> <span class='ocrx_word' id='word_1_193' title='bbox 540 3168 613 3232; x_wconf 81' lang='lat' dir='ltr'><strong>colet,</strong></span> <span class='ocrx_word' id='word_1_194' title='bbox 623 3179 650 3222; x_wconf 89' lang='lat' dir='ltr'><strong>et</strong></span> <span class='ocrx_word' id='word_1_195' title='bbox 658 3179 738 3232; x_wconf 83' lang='lat' dir='ltr'><strong>recte,</strong></span> <span class='ocrx_word' id='word_1_196' title='bbox 748 3181 779 3224; x_wconf 90' lang='lat' dir='ltr'><strong>ut</strong></span> <span class='ocrx_word' id='word_1_197' title='bbox 786 3173 851 3224; x_wconf 86' lang='lat' dir='ltr'><strong>mibi</strong></span> <span class='ocrx_word' id='word_1_198' title='bbox 859 3172 999 3236; x_wconf 65' lang='lat' dir='ltr'><strong>tieletum</strong></span> <span class='ocrx_word' id='word_1_199' title='bbox 1010 3173 1083 3240; x_wconf 61' lang='lat' dir='ltr'><strong>plor,</strong></span> <span class='ocrx_word' id='word_1_200' title='bbox 1091 3172 1107 3224; x_wconf 83' lang='lat' dir='ltr'><strong>l.</strong></span> <span class='ocrx_word' id='word_1_201' title='bbox 1117 3187 1140 3224; x_wconf 82' lang='lat' dir='ltr'><strong>e.</strong></span> <span class='ocrx_word' id='word_1_202' title='bbox 1149 3169 1242 3238; x_wconf 76' lang='lat' dir='ltr'><strong>plora</strong></span> <span class='ocrx_word' id='word_1_203' title='bbox 1249 3179 1309 3232; x_wconf 68' lang='lat' dir='ltr'><strong>luet</strong></span> 
     </span>
     <span class='ocr_line' id='line_1_26' title="bbox 234 3258 1308 3332; baseline 0 -22"><span class='ocrx_word' id='word_1_204' title='bbox 234 3267 264 3311; x_wconf 91' lang='grc' dir='ltr'><strong>ιιι</strong></span> <span class='ocrx_word' id='word_1_205' title='bbox 282 3261 388 3330; x_wconf 87' lang='lat' dir='ltr'><strong>proprie</strong></span> <span class='ocrx_word' id='word_1_206' title='bbox 406 3262 503 3328; x_wconf 73' lang='grc' dir='ltr'><strong><em>γόητες</em></strong></span> <span class='ocrx_word' id='word_1_207' title='bbox 518 3258 579 3310; x_wconf 88' lang='lat' dir='ltr'><strong>dicti</strong></span> <span class='ocrx_word' id='word_1_208' title='bbox 596 3261 648 3310; x_wconf 84' lang='lat' dir='ltr'><strong>aiut</strong></span> <span class='ocrx_word' id='word_1_209' title='bbox 662 3260 740 3332; x_wconf 80' lang='lat' dir='ltr'><strong>ii&#39;qui</strong></span> <span class='ocrx_word' id='word_1_210' title='bbox 754 3261 857 3327; x_wconf 78' lang='lat' dir='ltr'><strong>lugubri</strong></span> <span class='ocrx_word' id='word_1_211' title='bbox 868 3271 945 3314; x_wconf 81' lang='lat' dir='ltr'><strong>cantu</strong></span> <span class='ocrx_word' id='word_1_212' title='bbox 961 3264 1058 3314; x_wconf 75' lang='lat' dir='ltr'><strong>animae</strong></span> <span class='ocrx_word' id='word_1_213' title='bbox 1071 3261 1112 3312; x_wconf 87' lang='lat' dir='ltr'><strong>rel</strong></span> <span class='ocrx_word' id='word_1_214' title='bbox 1123 3259 1261 3311; x_wconf 81' lang='lat' dir='ltr'><strong>deemoner</strong></span> <span class='ocrx_word' id='word_1_215' title='bbox 1273 3259 1308 3311; x_wconf 79' lang='lat' dir='ltr'><strong>ab</strong></span> 
     </span>
     <span class='ocr_line' id='line_1_27' title="bbox 234 3347 1309 3422; baseline 0.003 -23"><span class='ocrx_word' id='word_1_216' title='bbox 234 3347 321 3401; x_wconf 78' lang='lat' dir='ltr'><strong>inierit</strong></span> <span class='ocrx_word' id='word_1_217' title='bbox 332 3361 485 3415; x_wconf 58' lang='lat' dir='ltr'><strong>crocei-cuc</strong></span> <span class='ocrx_word' id='word_1_218' title='bbox 500 3350 568 3402; x_wconf 90' lang='lat' dir='ltr'><strong>unrlc</strong></span> <span class='ocrx_word' id='word_1_219' title='bbox 580 3350 698 3402; x_wconf 85' lang='lat' dir='ltr'><strong>vocabuli</strong></span> <span class='ocrx_word' id='word_1_220' title='bbox 709 3349 858 3418; x_wconf 72' lang='lat' dir='ltr'><strong>significatio</strong></span> <span class='ocrx_word' id='word_1_221' title='bbox 870 3351 945 3405; x_wconf 85' lang='lat' dir='ltr'><strong>latiur</strong></span> <span class='ocrx_word' id='word_1_222' title='bbox 960 3353 1061 3422; x_wconf 82' lang='lat' dir='ltr'><strong>eerprit.</strong></span> <span class='ocrx_word' id='word_1_223' title='bbox 1082 3350 1162 3403; x_wconf 80' lang='lat' dir='ltr'><strong>Iidem</strong></span> <span class='ocrx_word' id='word_1_224' title='bbox 1174 3349 1309 3403; x_wconf 75' lang='lat' dir='ltr'><strong>dictitant</strong></span> 
     </span>
     <span class='ocr_line' id='line_1_28' title="bbox 234 3440 1309 3512; baseline 0.003 -20"><span class='ocrx_word' id='word_1_225' title='bbox 234 3443 413 3510; x_wconf 68' lang='grc' dir='ltr'><strong>ψυχαγωγοί,</strong></span> <span class='ocrx_word' id='word_1_226' title='bbox 422 3441 493 3512; x_wconf 88' lang='lat' dir='ltr'><strong>quod</strong></span> <span class='ocrx_word' id='word_1_227' title='bbox 504 3440 658 3492; x_wconf 82' lang='lat' dir='ltr'><strong>vocabulum</strong></span> <span class='ocrx_word' id='word_1_228' title='bbox 670 3441 708 3491; x_wconf 88' lang='lat' dir='ltr'><strong>uti</strong></span> <span class='ocrx_word' id='word_1_229' title='bbox 717 3449 744 3493; x_wconf 90' lang='lat' dir='ltr'><strong>et</strong></span> <span class='ocrx_word' id='word_1_230' title='bbox 754 3440 863 3493; x_wconf 84' lang='lat' dir='ltr'><strong>verbum</strong></span> <span class='ocrx_word' id='word_1_231' title='bbox 874 3441 934 3494; x_wconf 86' lang='lat' dir='ltr'><strong>inde</strong></span> <span class='ocrx_word' id='word_1_232' title='bbox 946 3442 1054 3494; x_wconf 82' lang='lat' dir='ltr'><strong>ductum</strong></span> <span class='ocrx_word' id='word_1_233' title='bbox 1066 3449 1262 3510; x_wconf 63' lang='grc' dir='ltr'>ψιιχαγιιγεῆ,</span> <span class='ocrx_word' id='word_1_234' title='bbox 1273 3441 1309 3494; x_wconf 83' lang='lat' dir='ltr'><strong>tl·</strong></span> 
     </span>
     <span class='ocr_line' id='line_1_29' title="bbox 235 3531 1309 3605; baseline 0 -21"><span class='ocrx_word' id='word_1_235' title='bbox 235 3533 329 3586; x_wconf 84' lang='lat' dir='ltr'><strong>militer</strong></span> <span class='ocrx_word' id='word_1_236' title='bbox 338 3535 442 3605; x_wconf 84' lang='lat' dir='ltr'><strong>proprie</strong></span> <span class='ocrx_word' id='word_1_237' title='bbox 452 3531 484 3584; x_wconf 91' lang='lat' dir='ltr'><strong>de</strong></span> <span class='ocrx_word' id='word_1_238' title='bbox 496 3532 639 3583; x_wconf 84' lang='lat' dir='ltr'><strong>animarum</strong></span> <span class='ocrx_word' id='word_1_239' title='bbox 652 3532 803 3583; x_wconf 86' lang='lat' dir='ltr'><strong>evocatione</strong></span> <span class='ocrx_word' id='word_1_240' title='bbox 812 3539 977 3602; x_wconf 79' lang='lat' dir='ltr'><strong>uturpatunr.</strong></span> <span class='ocrx_word' id='word_1_241' title='bbox 985 3533 1078 3586; x_wconf 85' lang='lat' dir='ltr'><strong>deinde</strong></span> <span class='ocrx_word' id='word_1_242' title='bbox 1088 3536 1208 3588; x_wconf 76' lang='lat' dir='ltr'><strong>univerae</strong></span> <span class='ocrx_word' id='word_1_243' title='bbox 1220 3534 1309 3586; x_wconf 79' lang='lat' dir='ltr'><strong>incen-</strong></span> 
     </span>
     <span class='ocr_line' id='line_1_30' title="bbox 235 3619 1310 3692; baseline 0 -18"><span class='ocrx_word' id='word_1_244' title='bbox 235 3622 320 3685; x_wconf 72' lang='lat' dir='ltr'><strong>tandi,</strong></span> <span class='ocrx_word' id='word_1_245' title='bbox 335 3623 473 3676; x_wconf 60' lang='lat' dir='ltr'><strong>monandi</strong></span> <span class='ocrx_word' id='word_1_246' title='bbox 481 3662 488 3684; x_wconf 82' lang='grc'>,</span> <span class='ocrx_word' id='word_1_247' title='bbox 497 3622 642 3692; x_wconf 87' lang='lat' dir='ltr'><strong>pelliciendi</strong></span> <span class='ocrx_word' id='word_1_248' title='bbox 650 3621 863 3686; x_wconf 74' lang='lat' dir='ltr'><strong>&#39;significationem</strong></span> <span class='ocrx_word' id='word_1_249' title='bbox 875 3623 982 3690; x_wconf 84' lang='lat' dir='ltr'><strong>accepit.</strong></span> <span class='ocrx_word' id='word_1_250' title='bbox 1001 3625 1038 3676; x_wconf 88' lang='lat' dir='ltr'><strong>De</strong></span> <span class='ocrx_word' id='word_1_251' title='bbox 1050 3623 1100 3676; x_wconf 90' lang='lat' dir='ltr'><strong>boc</strong></span> <span class='ocrx_word' id='word_1_252' title='bbox 1111 3625 1159 3692; x_wconf 71' lang='lat' dir='ltr'><strong>leg.</strong></span> <span class='ocrx_word' id='word_1_253' title='bbox 1171 3619 1310 3674; x_wconf 83' lang='lat' dir='ltr'><strong>liubnkcn.</strong></span> 
     </span>
     <span class='ocr_line' id='line_1_31' title="bbox 233 3707 1309 3782; baseline -0.001 -20"><span class='ocrx_word' id='word_1_254' title='bbox 233 3713 261 3763; x_wconf 86' lang='lat' dir='ltr'><strong>iu</strong></span> <span class='ocrx_word' id='word_1_255' title='bbox 275 3713 371 3765; x_wconf 82' lang='lat' dir='ltr'><strong>&#39;limaci</strong></span> <span class='ocrx_word' id='word_1_256' title='bbox 386 3713 444 3764; x_wconf 83' lang='lat' dir='ltr'><strong>Lex.</strong></span> <span class='ocrx_word' id='word_1_257' title='bbox 461 3725 485 3762; x_wconf 84' lang='lat' dir='ltr'><strong>r.</strong></span> <span class='ocrx_word' id='word_1_258' title='bbox 504 3715 652 3778; x_wconf 75' lang='lat' dir='ltr'><strong>irrayoyut.</strong></span> <span class='ocrx_word' id='word_1_259' title='bbox 680 3707 718 3762; x_wconf 84' lang='lat' dir='ltr'><strong>lle</strong></span> <span class='ocrx_word' id='word_1_260' title='bbox 729 3709 855 3762; x_wconf 77' lang='lat' dir='ltr'><strong>vocabulo</strong></span> <span class='ocrx_word' id='word_1_261' title='bbox 865 3711 941 3779; x_wconf 68' lang='grc' dir='ltr'><strong><em>γόης,</em></strong></span> <span class='ocrx_word' id='word_1_262' title='bbox 953 3718 1080 3782; x_wconf 75' lang='lat' dir='ltr'><strong>yoryralc,</strong></span> <span class='ocrx_word' id='word_1_263' title='bbox 1092 3713 1218 3782; x_wconf 79' lang='lat' dir='ltr'><strong>coplurius</strong></span> <span class='ocrx_word' id='word_1_264' title='bbox 1230 3725 1309 3781; x_wconf 81' lang='lat' dir='ltr'><strong>quern</strong></span> 
     </span>
     <span class='ocr_line' id='line_1_32' title="bbox 233 3799 1309 3873; baseline -0.003 -20"><span class='ocrx_word' id='word_1_265' title='bbox 233 3801 390 3855; x_wconf 80' lang='lat' dir='ltr'><strong>luculentior</strong></span> <span class='ocrx_word' id='word_1_266' title='bbox 405 3801 525 3854; x_wconf 72' lang='lat' dir='ltr'><strong>disceruit</strong></span> <span class='ocrx_word' id='word_1_267' title='bbox 545 3804 631 3854; x_wconf 83' lang='lat' dir='ltr'><strong>Stura.</strong></span> <span class='ocrx_word' id='word_1_268' title='bbox 651 3799 757 3868; x_wconf 86' lang='lat' dir='ltr'><strong>Empcd.</strong></span> <span class='ocrx_word' id='word_1_269' title='bbox 774 3817 799 3868; x_wconf 87' lang='lat' dir='ltr'><strong>p.</strong></span> <span class='ocrx_word' id='word_1_270' title='bbox 819 3799 851 3864; x_wconf 76' lang='lat'><strong>37</strong></span> <span class='ocrx_word' id='word_1_271' title='bbox 869 3819 924 3873; x_wconf 81' lang='lat' dir='ltr'><strong>tqq.</strong></span> <span class='ocrx_word' id='word_1_272' title='bbox 938 3805 1002 3858; x_wconf 85' lang='lat' dir='ltr'><strong>item</strong></span> <span class='ocrx_word' id='word_1_273' title='bbox 1021 3809 1047 3858; x_wconf 90' lang='lat' dir='ltr'><strong>in</strong></span> <span class='ocrx_word' id='word_1_274' title='bbox 1059 3807 1127 3859; x_wconf 75' lang='lat' dir='ltr'><strong>Actio</strong></span> <span class='ocrx_word' id='word_1_275' title='bbox 1142 3801 1309 3855; x_wconf 77' lang='lat' dir='ltr'><strong>uor.&#39;Societ.</strong></span> 
     </span>
     <span class='ocr_line' id='line_1_33' title="bbox 234 3891 612 3962; baseline 0.005 -21"><span class='ocrx_word' id='word_1_276' title='bbox 234 3891 278 3944; x_wconf 86' lang='lat' dir='ltr'><strong>lat.</strong></span> <span class='ocrx_word' id='word_1_277' title='bbox 297 3895 354 3944; x_wconf 78' lang='lat' dir='ltr'><strong>len.</strong></span> <span class='ocrx_word' id='word_1_278' title='bbox 372 3894 403 3944; x_wconf 87' lang='grc' dir='ltr'><strong>Τ.</strong></span> <span class='ocrx_word' id='word_1_279' title='bbox 421 3895 447 3952; x_wconf 84' lang='lat' dir='ltr'><strong>l,</strong></span> <span class='ocrx_word' id='word_1_280' title='bbox 462 3909 488 3960; x_wconf 88' lang='lat' dir='ltr'><strong>p.</strong></span> <span class='ocrx_word' id='word_1_281' title='bbox 507 3891 539 3955; x_wconf 80' lang='lat'><strong>75</strong></span> <span class='ocrx_word' id='word_1_282' title='bbox 557 3909 612 3962; x_wconf 79' lang='lat' dir='ltr'><strong>sqq.</strong></span> 
     </span>
    </p>

    <p class='ocr_par' dir='ltr' id='par_1_6' title="bbox 235 3977 1311 4123">
     <span class='ocr_line' id='line_1_34' title="bbox 266 3977 1311 4053; baseline 0 -21"><span class='ocrx_word' id='word_1_283' title='bbox 266 3983 322 4048; x_wconf 80' lang='lat'><strong>(7¹)</strong></span> <span class='ocrx_word' id='word_1_284' title='bbox 339 3983 485 4034; x_wconf 75' lang='lat' dir='ltr'><strong>Memorant</strong></span> <span class='ocrx_word' id='word_1_285' title='bbox 496 3981 644 4034; x_wconf 81' lang='lat' dir='ltr'><strong>Eurtethiur</strong></span> <span class='ocrx_word' id='word_1_286' title='bbox 655 3979 741 4046; x_wconf 81' lang='lat' dir='ltr'><strong>Odyrr.</strong></span> <span class='ocrx_word' id='word_1_287' title='bbox 753 3983 790 4043; x_wconf 81' lang='grc' dir='ltr'>(ιι,</span> <span class='ocrx_word' id='word_1_288' title='bbox 802 3995 836 4032; x_wconf 84' lang='lat' dir='ltr'><strong>rr.</strong></span> <span class='ocrx_word' id='word_1_289' title='bbox 851 3985 955 4052; x_wconf 74' lang='lat' dir='ltr'><strong>rprqq.)</strong></span> <span class='ocrx_word' id='word_1_290' title='bbox 966 4001 993 4053; x_wconf 90' lang='lat' dir='ltr'><strong>p.</strong></span> <span class='ocrx_word' id='word_1_291' title='bbox 1005 3984 1079 4052; x_wconf 66' lang='lat'><strong>1645,</strong></span> <span class='ocrx_word' id='word_1_292' title='bbox 1090 3983 1107 4035; x_wconf 93' lang='lat' dir='ltr'><strong>l.</strong></span> <span class='ocrx_word' id='word_1_293' title='bbox 1116 3983 1157 4047; x_wconf 71' lang='lat' dir='ltr'><strong>itt</strong></span> <span class='ocrx_word' id='word_1_294' title='bbox 1166 3977 1311 4050; x_wconf 70' lang='lat' dir='ltr'><strong>Hesychius</strong></span> 
     </span>
     <span class='ocr_line' id='line_1_35' title="bbox 235 4071 1148 4123; baseline 0.003 -5"><span class='ocrx_word' id='word_1_295' title='bbox 235 4071 260 4120; x_wconf 87' lang='lat' dir='ltr'><strong>in</strong></span> <span class='ocrx_word' id='word_1_296' title='bbox 285 4088 307 4123; x_wconf 87' lang='lat' dir='ltr'><strong>r.</strong></span> <span class='ocrx_word' id='word_1_297' title='bbox 328 4080 353 4122; x_wconf 86' lang='lat' dir='ltr'><strong>ei</strong></span> <span class='ocrx_word' id='word_1_298' title='bbox 375 4071 470 4123; x_wconf 81' lang='lat' dir='ltr'><strong>Suirlas.</strong></span> <span class='ocrx_word' id='word_1_299' title='bbox 1144 4103 1148 4112; x_wconf 88' lang='lat'><em>·</em></span> 
     </span>
    </p>
   </div>
   <div class='ocr_carea' id='block_1_4' title="bbox 0 0 1485 4822">
    <p class='ocr_par' dir='ltr' id='par_1_7' title="bbox 0 0 1485 4822">
     <span class='ocr_line' id='line_1_36' title="bbox 0 0 1485 4822; baseline 0 0"><span class='ocrx_word' id='word_1_300' title='bbox 0 0 1485 4822; x_wconf 95' lang='lat' dir='ltr'><strong> </strong></span> 
     </span>
    </p>
   </div>
  </div>
 </body>
</html>
