2958 4822
499 379 580 428 vrrs
603 381 649 428 nr
671 381 812 430 suuntu.
1149 371 1188 431 57

126 543 277 618 oonsilio:
308 543 552 643 Empedocles,
580 573 653 646 quo
680 547 816 622 facilius
837 549 1012 648 populum
1033 551 1191 624 auctori-

125 679 191 739 tate
219 693 284 742 sua
314 679 468 766 regeret,
499 668 657 784 Gorgias,
687 693 761 768 quo
787 667 934 768 majores
954 669 1019 744 sibl
1046 671 1192 772 plausus

125 801 274 885 captaret
296 787 515 890 lucrumque
545 805 744 889 quaereret.

607 1059 628 1142 ς
651 1061 705 1122 ιι.

169 1269 264 1343 llaec
284 1269 332 1344 de
346 1272 566 1372 Empedoclis
583 1275 672 1368 vita,
692 1274 950 1349 consuetudine
967 1290 1004 1348 et
1018 1273 1194 1368 moribno3

56 1409 61 1422 ·
125 1392 284 1490 seqnitur
295 1405 341 1466 ut
350 1391 395 1466 de
406 1392 483 1492 ejus
494 1393 633 1492 scriptis
642 1409 679 1468 et
689 1395 876 1470 literarum
887 1395 1011 1471 studiis
1021 1395 1191 1470 dicamus.

168 1510 274 1584 Haud
301 1509 440 1612 vulgari
461 1513 564 1588 illum
593 1515 702 1590 inisse
728 1515 872 1615 ingenio
898 1541 983 1589 cum
1007 1517 1079 1592 vita
1100 1516 1197 1616 ejus,

126 1646 198 1706 tum
228 1634 340 1732 magis
371 1635 478 1708 etiam
506 1637 632 1733 scripta
657 1637 871 1730 ostendunt5
897 1638 935 1709 in
961 1637 1094 1737 quibus
1117 1638 1194 1712 du·

124 1750 221 1826 bium
246 1765 376 1827 unum
403 1755 539 1853 poetica
566 1755 619 1828 ris
643 1781 689 1828 an
713 1755 892 1830 doctrinae
920 1758 1063 1832 seientia
1085 1759 1195 1858 magis

124 1873 270 1948 eluceat
321 1873 581 1948 Didactioorum
603 1881 808 1974 potiturum,
831 1877 964 1977 quide
986 1906 1109 1954 rernm
1130 1905 1195 1952 na·

124 2007 200 2068 tura
228 1993 410 2070 vaticinati
433 2011 539 2090 sunt,
563 2011 606 2070 nt
632 1997 729 2095 apud
751 1997 894 2072 Latinos
915 2003 1122 2094 Lucretius,
1146 2003 1195 2074 sic

124 2115 351 2215 Empedocles
373 2115 469 2214 apud
496 2119 647 2192 Graecos
668 2120 744 2192 sine
765 2117 875 2192 dnbio
896 2119 1064 2220 princeps
1089 2123 1195 2196 aesti-

123 2235 273 2310 mandus
293 2239 372 2311 ²⁶⁴.
424 2238 585 2312 Dubitari
607 2241 756 2341 quidem
775 2241 897 2338 possit,
920 2243 1013 2316 sicut
1037 2241 1196 2342 antiqui·

122 2369 177 2430 tna
212 2356 421 2434 dubitatum
450 2374 521 2454 est,
550 2359 617 2435 hoc
648 2362 812 2434 carminis
843 2387 958 2459 genus
990 2387 1082 2438 num
1112 2364 1196 2461 jure

122 2483 231 2579 poesis
246 2483 292 2555 eit
312 2481 478 2575 dicenda,
493 2510 539 2557 an
556 2485 735 2584 politicum
759 2497 902 2557 tantum
922 2496 1090 2556 ornatum
1114 2507 1196 2556 mu·

122 2617 261 2696 tuetur,
284 2629 400 2704 eoque
422 2619 547 2680 utatur
574 2619 748 2705 tanquam
770 2602 952 2696 vehiculo,
975 2629 1049 2704 quo
1071 2603 1196 2701 pedes-

122 2739 209 2798 trem
241 2726 420 2799 incessum
448 2728 576 2822 e-vitet3
599 2724 899 2828 quemadmodem
925 2724 971 2802 de
995 2726 1107 2822 poetis
1129 2725 1197 2800 illis

122 2843 269 2944 loquens
294 2846 511 2923 Plutarchus
533 2863 654 2922 censet
671 2849 749 2918 ¹⁶⁵.
798 2848 907 2942 Sane,
936 2849 966 2921 si
990 2844 1195 2920 didascalica

121 2968 233 3064 poesis
257 2993 343 3041 cum
365 2969 533 3067 germani
553 2969 614 3043 ittt
637 2966 796 3067 tetrarte
814 2981 1059 3068 comparetur,
1081 2968 1196 3042 faten-

124 3085 227 3181 dum,
258 3087 379 3162 ambas
402 3105 439 3164 et
461 3115 592 3191 genere
615 3105 652 3163 et
673 3115 798 3164 rerum
821 3090 1029 3164 tractatione
1050 3113 1196 3186 prorsus

124 3207 265 3304 distare3
300 3210 430 3306 veluti,
462 3227 505 3286 ut
533 3237 647 3287 unum
677 3211 747 3288 boc
774 3237 988 3306 memorem,
1016 3209 1125 3284 altera
1156 3212 1195 3284 in

124 3329 250 3405 medias
280 3357 338 3406 res
367 3331 566 3406 auditorem
599 3331 693 3433 rapit
718 3346 755 3406 et
780 3357 845 3432 per
871 3331 1003 3406 multas
1031 3331 1195 3432 ambages

125 3448 217 3527 ducit
245 3477 478 3554 quocumque
505 3445 610 3547 uelit,
648 3453 757 3528 altera
787 3467 883 3528 certo
916 3451 1042 3528 ordine
1071 3467 1108 3526 et
1135 3452 1194 3529 via

153 3708 223 3776 (tet)
239 3709 324 3761 Ambo
336 3707 434 3778 pariter
446 3715 569 3778 tanquam
580 3709 698 3779 exempla
709 3709 736 3760 in
749 3723 796 3760 tuo
806 3723 901 3774 genere
910 3707 1025 3760 citantur
1036 3707 1194 3760 abreuntio

126 3798 182 3849 lmt.
196 3798 255 3851 Dir.
274 3801 318 3862 11,
338 3813 383 3861 raa
399 3797 522 3850 Diomede
537 3797 571 3850 de
588 3801 660 3850 Orat.
677 3807 706 3852 et
724 3805 803 3867 partt
822 3805 889 3848 orat.
907 3799 956 3849 111.
975 3813 999 3866 p.
1019 3797 1067 3859 oso
1088 3797 1194 3850 Pntteb.

126 3885 291 3940 tll'duealice
301 3894 354 3950 est,
365 3903 418 3956 qua
428 3885 659 3955 comprehenditur
669 3887 831 3956 philosophia
843 3885 1005 3956 Empedoclis
1018 3893 1045 3938 et
1056 3886 1194 3940 Lucnffi’·

152 3975 223 4044 (ret)
238 3974 373 4030 Plutarch.
391 3974 425 4028 de
444 3975 504 4028 aud.
520 3981 592 4046 pott-
609 3993 635 4044 p.
658 3975 703 4038 16,
717 3976 773 4028 Vol.
786 3977 833 4038 vt,
843 3991 868 4042 p.
881 3973 912 4028 56
923 3973 1008 4043 beiti.
1020 3990 1097 4044 quem
1109 3975 1194 4028 locutu

20 4077 21 4080 ¹
126 4065 193 4118 attuli
205 4069 254 4133 jam
267 4067 296 4119 in
309 4062 452 4116 Parmenid.
465 4079 491 4131 p.
507 4079 535 4126 ¹7
549 4073 601 4116 not.
626 4065 629 4073 '
