2952 4836
279 434 343 496 ³88
674 453 719 499 nn
742 449 959 498 snrnnocnts

276 615 367 687 sicut
391 613 536 712 globum
565 615 663 688 omni
690 640 735 688 cx
761 630 859 712 parte
886 615 1107 714 perfectum
1142 639 1266 688 earum
1294 613 1354 688 di-

277 734 479 808 versitatem
503 736 604 835 quasi
633 735 894 816 elementorum
925 715 1019 810 inter
1043 761 1081 809 se
1107 734 1353 826 luctationem;

277 868 427 929 naturae
473 855 749 930 vicissitudinem
790 855 949 958 denique
990 870 1163 954 tanquam
1197 855 1353 931 dirismn

278 975 461 1048 Amicitiae
494 991 530 1048 et
564 977 762 1050 Discordiae
787 1001 956 1076 regnum
993 1002 1107 1076 esque
1130 1002 1354 1076 quamquam

277 1109 405 1168 cuncta
429 1111 588 1170 censeret
611 1099 768 1197 ingenita
790 1111 827 1172 et
846 1113 1008 1192 aeterna,
1030 1095 1128 1169 aliud
1150 1111 1270 1170 tamen
1287 1095 1355 1168 alio

154 1275 159 1284 .
277 1216 479 1314 antiquius,
512 1215 608 1290 alind
642 1242 688 1290 ex
720 1217 787 1292 alio
819 1232 940 1290 ortum
973 1217 1085 1291 linxit.
1134 1219 1207 1308 Sic,
1235 1232 1354 1291 nostro

276 1337 423 1436 quidem
450 1337 592 1436 judicio,
609 1345 756 1441 cogitata
781 1367 844 1414 sua
867 1339 913 1412 de
934 1353 1084 1412 naturae
1102 1340 1282 1438 principiis
1301 1341 1354 1415 vi-

276 1458 450 1558 ribusque
483 1461 619 1558 politico
654 1463 787 1534 vestitu
823 1460 971 1534 involvit
997 1469 1082 1551 ²0⁵,
1132 1486 1275 1557 prorsus
1310 1475 1351 1532 ut

277 1592 414 1652 veteres
446 1585 569 1678 poe'tae
595 1605 660 1654 seu
689 1581 879 1683 mythologi
911 1579 1112 1680 theogonius
1141 1605 1222 1654 suas
1252 1607 1355 1653 corn-

275 1723 409 1794 ponere
432 1699 601 1773 solebant.

324 1821 359 1891 Si
393 1845 477 1894 vero
507 1819 561 1894 his
586 1823 777 1897 involucris
803 1823 1025 1921 Empedoclis
1047 1825 1219 1895 rationem
1239 1847 1355 1895 esua-

276 1967 374 2026 mus,
411 1944 588 2017 sententia
621 1943 695 2018 huc
728 1945 805 2017 lere
838 1943 943 2017 redit:
988 1970 1122 2016 unam
1155 1969 1230 2016 esse
1267 1944 1355 2017 vim

276 2087 425 2162 eamque
456 2063 614 2139 divinam
646 2065 827 2139 mundum
859 2067 1118 2156 continentem
1161 2065 1254 2138 hanc
1291 2093 1355 2164 per

274 2200 479 2286 quatuor
504 2186 747 2262 elementa
765 2189 867 2288 quasi
884 2191 945 2261 Dei
963 2187 1138 2278 membra,
1162 2201 1206 2260 nt
1222 2189 1354 2286 ipseea

275 2309 450 2408 appellat,
471 2333 628 2410 sparsam
662 2309 1051 2410 esse,ean1queoerni
1071 2311 1293 2408 potissimum
1316 2311 1354 2382 in

275 2429 449 2529 duplici
471 2434 622 2524 actione,
642 2429 944 2504 distractione
965 2445 1001 2502 et
1021 2433 1355 2524 contractione,

275 2579 432 2652 quarum
457 2551 550 2626 hano
568 2551 848 2650 conjunctionis,
878 2550 1029 2642 ordinis,
1056 2549 1173 2624 omnis
1198 2549 1355 2653 denique
1471 2599 1472 2627 ι

276 2673 380 2764 boni,
417 2673 514 2748 illam
542 2699 708 2774 pugnae,
744 2670 1020 2772 perturbationis
1052 2674 1241 2773 omnisque
1273 2673 1356 2747 mali

276 2915 404 2989 mundi
426 2929 463 2990 et
485 2918 698 3011 mutationes
719 2915 833 3008 effici,
859 2941 1057 3017 omnesque
1083 2942 1139 2990 res
1164 2929 1237 2988 tarn
1259 2913 1356 2990 diri-

275 3063 339 3110 nas
362 3065 474 3137 quarn
496 3037 673 3112 humanas
696 3052 874 3138 perpetuo
901 3037 1085 3137 generari,
1116 3035 1182 3126 ali,
1217 3038 1355 3112 variari.

324 3161 367 3232 In
403 3160 469 3233 hac
499 3161 733 3260 descriptione
765 3158 854 3232 nihil
887 3173 940 3233 est
972 3160 1234 3259 incongruum,
1266 3157 1354 3232 nilril
1466 3171 1467 3175 ’

274 3280 371 3382 quod
406 3281 631 3382 Empedoclis
654 3280 700 3354 de
724 3295 853 3354 natura
878 3279 1013 3377 placitis
1038 3295 1230 3380 repugnet,
1266 3279 1355 3354 nihil

274 3402 373 3504 quod
407 3430 427 3476 a
461 3401 660 3502 priscorum
693 3401 961 3500 philosophandi
996 3403 1130 3476 ratione
1157 3400 1353 3476 abhorreat.

274 3525 444 3600 Similiter
472 3525 616 3599 Eleatae
638 3549 703 3598 ens
725 3525 799 3598 sive
826 3524 865 3597 τὸ
890 3517 990 3615 εἶναι,
1024 3525 1205 3598 notionem
1234 3537 1354 3598 mente

275 3661 501 3746 conceptam,
512 3646 756 3720 informarunt
772 3657 944 3745 tanquam
960 3659 1125 3720 naturam
1142 3671 1208 3744 per
1224 3672 1263 3719 se
1277 3671 1355 3720 oon·

274 3782 441 3861 stantem,
457 3767 523 3842 sud
536 3767 651 3840 forms
676 3766 866 3868 fignrdque
882 3789 1097 3866 expressam:
1121 3765 1307 3840 finxerunt
1317 3765 1352 3838 id

309 3935 384 4001 (205)
402 3936 546 4006 Simplicius
564 3953 669 4007 quoque
691 3935 718 3986 id
739 3935 869 4002 agnoscit,
891 3935 924 3986 de
948 3932 1027 3987 Coelo
1050 3937 1090 3998 11,
1110 3935 1128 3986 l.
1153 3933 1356 4004 129nrschot.

277 4025 379 4078 Aristot.
400 4043 426 4094 p.
444 4025 493 4090 507
512 4026 543 4088 b)
562 4025 665 4080 dicens:
688 4029 739 4078 τοῦ
763 4023 994 4090 Ἐμπεδοκλέους
1009 4025 1043 4084 sic
1064 4031 1180 4094 ποιητοῦ
1200 4026 1355 4093 μιιθικό-
1456 4039 1458 4062 ³

278 4135 383 4186 τιρον
400 4121 475 4186 παρὰ
496 4121 576 4186 μέρος
602 4124 651 4188 τὴν
671 4121 846 4190 lmrrpdrsm
868 4120 960 4172 atres
979 4119 1113 4187 llymoe·
1165 4137 1167 4142 ·

149 2840 155 2851 1
276 2793 493 2892 principium
534 2821 627 2871 esse:
676 2794 806 2868 harum
848 2795 1006 2868 mutud
1054 2795 1090 2866 vi
1124 2807 1161 2868 et
1193 2794 1355 2868 ordinem
1469 2805 1470 2845 l

1463 3421 1464 3503 ι

1461 3509 1463 3616 l
