3016 4840
547 439 786 496 rnrnosornnt.
1141 441 1206 505 339

127 604 210 704 ἅπερ
244 602 337 682 ἐστὶν
368 605 548 709 ἐλάχιστοι
576 614 633 686 nc)
660 616 752 688 olore>
775 621 937 717 οτοιχεῖοι
958 625 1134 722 στοιχείων
1149 627 1203 701 ⁸⁵.

125 729 226 803 Idem
246 731 414 804 referunt
436 729 607 807 Stobaeus
631 749 667 808 ot
691 737 867 824 Galenus,
890 740 955 842 qui
978 741 1106 837 fertur,
1125 743 1204 818 his-

124 853 234 925 toriae
261 851 522 952 philosophicae
547 857 694 954 scriptor
709 859 768 932 ⁸⁶.
819 862 940 963 Atque
962 865 1036 962 ipse
1057 860 1204 940 Plutar·

122 972 210 1046 chus
229 973 278 1047 ita
299 973 364 1046 sibi
385 973 592 1049 informasse
615 977 768 1072 videtur,
792 1007 910 1082 quum
931 984 1204 1084 Empedoclem
1298 973 1302 982 Ι

123 1121 245 1169 rernm
277 1095 486 1170 discordiam
517 1111 692 1196 spectans,
727 1103 828 1202 lingit
852 1120 1004 1180 naturae
1029 1107 1202 1206 principia

122 1229 321 1292 atomorum
333 1221 443 1293 instar
452 1219 641 1294 discretoet
651 1223 800 1298 solitaria
810 1227 1203 1324 peruniversumferri:

122 1337 258 1436 ἄκρατοι
280 1343 336 1415 κιο)
359 1341 522 1442 ἄστοργοι
542 1346 600 1418 κιο)
617 1343 762 1440 μονάδες
783 1351 820 1422 ιιι*
840 1352 902 1423 τῶν
922 1347 1002 1425 taor
1022 1349 1134 1448 ἂρχοιὶ
1147 1352 1203 1420 ⁸⁷.

121 1461 328 1536 Secundum
352 1463 428 1537 illos
450 1465 560 1566 igitur
583 1467 816 1566 Empedocles
836 1467 1012 1544 elementa
1037 1493 1110 1542 non
1132 1483 1204 1544 tota

121 1597 156 1654 et
177 1585 317 1683 integra
342 1585 483 1683 prodire
506 1587 624 1684 jussit,
656 1588 785 1663 sodex
808 1591 1026 1664 tenuissimis
1049 1605 1085 1664 et
1107 1591 1204 1664 simi·

121 1703 211 1778 lihus
233 1705 453 1804 corpusculis
473 1707 588 1781 veluti
609 1709 732 1782 atomis
754 1709 812 1785 vel
835 1707 1102 1784 homoeomeriis
1122 1733 1205 1783 con·

121 1823 225 1902 flavit.
278 1829 326 1900 Et
345 1854 429 1901 sane
444 1831 594 1919 mirum,
613 1831 791 1931 quomodo
807 1843 922 1926 terra,
942 1857 1053 1932 aqua,
1069 1847 1205 1924 cetera,

120 1973 209 2046 quae
230 1949 394 2050 quotidie
415 1949 555 2025 dissolvi
574 1966 610 2023 et
634 1977 761 2025 rursus
777 1953 816 2024 in
833 1979 926 2028 nova
944 1979 1091 2052 corpora
1109 1959 1204 2028 coire

120 2069 299 2162 videmus,
322 2071 498 2170 simplices
520 2084 558 2145 et
583 2071 790 2154 individuae
812 2087 964 2146 naturae
985 2073 1054 2146 dici
1075 2089 1203 2172 potue·

120 2191 205 2286 rint;
220 2192 376 2268 vicissim
390 2217 490 2284 vero,
506 2194 535 2266 si
551 2191 675 2266 eadem
687 2193 726 2264 in
743 2207 876 2267 atomos
888 2193 1112 2286 dividantur,
1128 2221 1203 2267 non

120 2311 174 2386 illa
184 2315 259 2413 ipsa
274 2314 428 2412 amplius
439 2327 526 2387 sunt
537 2311 728 2406 elementa,
739 2313 800 2387 sed
812 2337 854 2388 ea
865 2313 1030 2413 equibus
1041 2312 1203 2388 illaoon-

121 2435 196 2510 ssata
217 2441 290 2511 sint
305 2441 361 2510 ⁸⁸.
403 2435 606 2510 Aristoteles
627 2435 672 2508 de
695 2433 1203 2544 elementorum'dissolutionc

121 2555 281 2659 loquens,
298 2559 396 2649 dicit,
409 2557 662 2658 Empedoclem
675 2554 788 2632 videri
801 2555 978 2630 elementa
990 2557 1108 2629 lacere
1119 2555 1201 2630 talia

119 2705 207 2778 quae
219 2681 330 2756 dividi
343 2679 492 2781 quidem
504 2677 652 2778 p'ossint,
665 2703 733 2752 neo
749 2691 870 2750 tamen
882 2675 1102 2778 dividamur:
1120 2679 1147 2750 ai
1161 2675 1200 2755 dl

120 2801 287 2892 ιιιιὶοετοιὶΧ
300 2831 365 2878 που
389 2801 408 2892 ἦ
431 2799 603 2892 διάλυσις,
625 2797 695 2891 ἤτοι
721 2798 849 2894 ἄτομοι
872 2799 969 2874 ἔσται
988 2801 1028 2873 rh
1047 2803 1147 2896 σῶμα
1167 2798 1201 2876 ἓν

121 2917 324 3020 ᾧῖοοοιτοιι,
353 2923 373 3018 il
398 2922 616 3022 deceperit
637 2923 716 3020 μέν,
740 2924 776 2994 οὐ
803 2923 916 3018 μέντοι
939 2919 1200 3019 διαιρεθήσο-

119 3075 238 3140 μειοι
278 3047 453 3139 οὐδέποτε,
479 3043 628 3144 καθάπερ
653 3047 752 3120 ἐὀικει
773 3041 1001 3140 Ἐμπεδοκλῆς
1017 3043 1200 3139 βούλεσθαι

119 3172 222 3270 λέγειν
238 3176 296 3246 ⁸⁹.
347 3169 455 3263 Quod
484 3193 531 3242 ne
559 3170 802 3267 incongruum
819 3165 994 3259 videatur,
1016 3168 1065 3240 sic
1081 3167 1199 3266 expli-

119 3293 270 3368 candum
291 3307 354 3367 est.
398 3289 629 3390 Empedocles
649 3288 825 3362 elementa
847 3311 923 3360 non
942 3285 1033 3361 dixit
1052 3285 1198 3387 adspec-

119 3413 228 3489 tabilia
245 3417 324 3506 ista,
344 3428 494 3507 terram,
513 3437 626 3504 mare,
645 3409 801 3501 coelum,
821 3407 1058 3510 coelestesque
1081 3409 1197 3509 ignes,

146 3696 203 3766 (85)
218 3697 349 3751 Plutarch.
367 3697 428 3750 ibid.
446 3701 467 3760 1,
488 3712 525 3762 ¹7·

146 3788 200 3853 (86)
215 3787 341 3842 seobreo·
357 3787 410 3840 Ecl.
430 3789 451 3849 Ι,
471 3789 501 3838 ¹8
518 3804 544 3856 p.
562 3785 619 3838 368.
653 3783 741 3838 Galen.
758 3783 823 3836 nin.
841 3780 904 3852 phil.
921 3799 944 3834 ο.
962 3784 995 3836 X.

147 3876 200 3944 (87)
216 3875 347 3930 Plutarch.
364 3875 398 3930 dc
414 3877 474 3930 Pac.
490 3877 547 3929 orb.
565 3877 622 3928 lun.
639 3892 667 3944 p,
683 3874 747 3943 9⁹⁰3
764 3873 822 3928 Vol.
840 3875 889 3930 lx.
907 3891 934 3942 p.
951 3871 1002 3926 66³
1018 3871 1103 3926 lleiak.

148 3967 201 4033 (88)
217 3969 253 4022 Ut
269 3967 346 4019 modo
362 3965 546 4020 animadvertit
563 3964 727 4024 Aristotelea,
749 3971 779 4017 ct
793 3961 935 4017 secundum
954 3963 1026 4016 hunc
1037 3963 1194 4036 Philoponur

121 4051 150 4105 de
167 4057 223 4110 Gen.
241 4067 269 4110 et
287 4059 365 4112 Corr.
383 4059 405 4120 1,
422 4057 442 4110 l.
458 4057 490 4110 ³6
509 4060 535 4108 ll.
661 4045 664 4056 ¹

150 4145 203 4214 (89)
220 4149 321 4202 maroc
342 4148 377 4201 de
393 4147 463 4202 Coei·
482 4149 532 4210 111,
549 4147 575 4199 6.
591 4163 616 4215 p.
633 4142 683 4209 ³75
701 4149 728 4196 Δ.

1006 4235 1072 4308 22*
1088 4259 1093 4272 .
