2968 4838
301 383 364 447 478
694 393 742 444 nn
763 391 978 446 manneus

299 565 493 657 movimus,
525 563 563 636 in
596 561 714 638 lucem
743 563 951 654 eduximus3
986 561 1141 638 vidimus
1168 577 1371 663 praeterea,

298 711 393 785 quae
414 685 484 757 sint
504 685 692 784 praecipita
716 685 869 786 corporis
887 682 1046 760 membra
1065 697 1103 758 et
1124 699 1258 783 partes,
1275 687 1371 760 unde

298 805 386 880 haec
408 818 583 896 constent,
607 805 782 906 quomodo
803 804 945 879 alantur
968 817 1005 879 et
1028 807 1244 900 increscant3
1265 834 1371 907 supe·

298 941 387 1016 rest,
408 941 452 1000 ut
474 925 519 1001 de
543 928 604 1018 iis,
627 925 760 1029 quibus
775 928 867 1004 vitae
883 927 971 1000 actio
987 927 1141 1002 maxime
1156 929 1370 1020 continetur,

298 1047 518 1122 disseramus.
566 1049 684 1120 Primo
700 1046 774 1121 loco
790 1046 1017 1121 memoranda
1041 1049 1302 1147 respiratio,
1326 1049 1371 1122 de

298 1195 370 1270 qua
404 1167 492 1269 quid
523 1166 732 1269 judicaverit
764 1166 1009 1266 Empedocles,
1045 1167 1225 1242 declarant
1261 1171 1371 1270 ipsius

299 1303 444 1383 versus,
470 1315 577 1389 supra
606 1290 803 1364 accuratius
831 1317 851 1362 a
881 1288 981 1362 nobis
1003 1288 1173 1389 expliciti:
1205 1292 1369 1391 quocirca

300 1437 399 1484 nunc
419 1412 500 1485 satis
520 1411 629 1484 suerit
643 1408 840 1484 sententiae
855 1411 933 1510 eius
949 1437 1125 1484 summam
1142 1409 1369 1486 adumbrare.

347 1531 494 1622 Statuit,
534 1543 578 1602 ut
612 1530 787 1621 vidimus,
827 1530 867 1602 in
900 1533 974 1603 totd
1014 1531 1144 1605 naturd
1174 1531 1268 1604 nihil
1299 1557 1371 1605 cese

300 1653 424 1740 inane,
455 1649 515 1724 scd
542 1651 659 1724 omnia
685 1651 778 1749 poris
804 1651 999 1750 perforata,
1026 1650 1159 1751 quibus
1182 1677 1371 1752 corporum

300 1797 497 1872 rerumque
518 1797 559 1846 ea
579 1771 798 1870 cingentium
820 1771 1012 1870 particulae
1034 1787 1070 1847 et
1089 1771 1266 1848 elementa
1293 1797 1371 1872 per·

300 1907 411 1993 petuo
433 1895 527 1966 inter
551 1917 588 1968 se
610 1905 825 1984 commeent,
847 1893 999 1986 intrent,
1018 1893 1184 1984 effluant,
1213 1909 1249 1968 et
1273 1895 1313 1966 in
1337 1921 1372 1968 se

300 2013 455 2090 invicem
483 2027 589 2112 agant
615 2019 693 2084 ²⁷³:
732 2011 777 2086 ab
809 2012 876 2088 hcc
906 2015 1078 2115 principio
1107 2017 1372 2114 respirationem

299 2133 464 2234 explicat.
524 2135 802 2234 Respiraticnem
835 2151 957 2212 autem
993 2135 1158 2236 iutelligit
1198 2162 1273 2210 non
1307 2137 1373 2209 sin·

299 2256 450 2356 galatim
477 2281 556 2332 eam
588 2283 683 2358 quae
707 2281 773 2356 per
797 2259 883 2351 cris,
913 2258 1055 2332 narium
1084 2255 1372 2358 pulmonumque

299 2391 439 2452 meatus
469 2378 624 2469 ducitur,
655 2378 717 2454 sed
745 2379 914 2454 universe
941 2403 1035 2478 quae
1057 2381 1096 2450 fit
1114 2391 1186 2452 toto
1215 2403 1369 2477 corpore.

300 2497 389 2598 Ejus
403 2499 619 2598 principium
630 2497 786 2598 positum
795 2495 881 2571 dicit
892 2499 930 2570 in
947 2499 1123 2598 reciproco
1138 2500 1321 2599 sanguinis
1337 2515 1373 2572 et

300 2621 390 2696 aeris
407 2617 527 2694 fluxu:
543 2620 754 2719 sanguinem
771 2620 888 2712 enim,
901 2621 1016 2719 euripi
1034 2621 1143 2694 instar
1161 2645 1227 2718 per
1244 2646 1371 2718 corpus

299 2743 473 2840 agitatum
501 2737 813 2840 (Moram),
834 2740 938 2816 modo
958 2766 1102 2816 sursum
1125 2739 1169 2816 ad
1191 2741 1285 2814 cutis
1305 2765 1371 2814 ex-
1474 2819 1475 2844 ἶ

300 2861 494 2935 tremitates
522 2863 626 2955 ferri,
654 2862 758 2937 modo
784 2861 951 2938 deorsum
977 2861 1021 2936 ad
1048 2863 1234 2936 interiores
1258 2875 1372 2961 partes
1474 2861 1475 2868 ’

301 2981 471 3076 refluere3
495 2981 594 3074 inde,
615 2983 793 3082 sanguine
811 2983 976 3058 interiora
999 2997 1155 3083 petente,
1175 2989 1295 3057 aerem
1310 3008 1372 3082 per

300 3129 425 3178 omnes
444 3118 582 3178 meatus
599 3119 635 3178 et
650 3125 754 3203 p'oros
774 3119 846 3178 tam
865 3106 948 3196 cris,
967 3107 1127 3198 uarium,
1142 3105 1371 3204 pulmonum,

299 3249 411 3324 quam
434 3223 562 3326 reliqui
584 3225 758 3326 corporis,
785 3227 919 3300 intrare
939 3240 976 3300 et
997 3227 1046 3300 sic
1065 3253 1130 3325 per
1154 3241 1271 3301 totum
1294 3251 1372 3298 cor-
1473 3277 1474 3315 3

300 3371 370 3446 pus
391 3343 526 3440 diduci3
545 3372 672 3420 rursus
688 3361 808 3422 autem
828 3346 1031 3444 prosiliente
1047 3349 1239 3449 sanguiue,
1253 3357 1373 3422 aerem

299 3465 449 3540 effluere
478 3481 515 3542 et
545 3467 637 3542 loras
667 3493 705 3544 ae
732 3469 933 3568 proripere:
961 3469 999 3540 in
1028 3482 1158 3546 mutuo
1180 3469 1249 3544 hcc
1273 3469 1373 3544 fluxu

301 3585 569 3687 respirationem
588 3603 625 3664 et
640 3589 912 3690 exspirationem
929 3589 1047 3690 ponit,
1061 3589 1278 3688 pulmonum
1295 3615 1374 3664 con·

302 3707 464 3784 tracticni
486 3723 522 3782 et
542 3711 748 3809 expansioni
770 3707 1063 3808 respondentem,
1094 3735 1205 3810 quam
1238 3709 1374 3812 clepsy-

301 3827 386 3902 drae
406 3827 638 3905 similitudine
654 3830 807 3904 illustrat
821 3839 901 3904 ²⁷⁴.

334 3985 409 4052 (a73)
429 3986 488 4038 vid.
510 3988 613 4042 Ariatct.
632 3988 675 4040 cit.
697 4005 775 4059 supro
789 4005 814 4059 p.
836 3989 895 4059 ³9⁸·

335 4076 409 4142 (aql)
426 4077 593 4146 Enpedocler
613 4095 661 4130 raa.
678 4077 796 4148 aab-apo,
816 4077 847 4132 cl.
868 4081 1010 4134 Commeat.
1027 4099 1052 4150 p.
1071 4081 1118 4144 all
1135 4098 1191 4151 sqq.
