2952 4836
453 473 457 484 Ι
565 395 806 446 sunosorms.
947 387 989 404 ·'
1159 387 1222 450 rto

141 557 292 632 &elom
321 559 360 630 in
389 556 490 632 orbes
519 558 691 654 divisum,
722 561 835 634 aliurn
861 562 1073 660 spissiorem,
1110 563 1221 638 alium

141 677 396 773 ardentiorem,
424 680 604 753 emicuere
638 681 769 774 sidera3
803 679 923 756 illuxit
955 682 1020 774 sol,
1059 685 1218 782 primum

141 800 292 874 lentiore
321 799 433 900 gradu
459 799 598 874 coelum
623 828 735 876 crasso
761 808 842 876 adre
864 801 1052 902 obseptum
1072 831 1220 904 perme-

141 947 224 1013 ans,
250 921 333 997 dein
356 920 523 996 celeriore
547 937 649 996 motu
673 923 842 997 incitatus
855 922 910 998 ⁶⁹.
948 923 1071 1000 Tellus
1090 928 1221 1024 partim

139 1043 292 1118 aetheris
332 1045 610 1140 compressione,
644 1045 774 1141 partim
807 1045 886 1119 solis
916 1045 1029 1120 calore
1057 1045 1220 1121 conden-

138 1179 213 1238 sata
252 1177 288 1238 et
325 1164 472 1252 siccata,
505 1162 550 1236 ab
579 1187 709 1237 ooeano
742 1181 875 1240 secreta
900 1179 954 1240 est
972 1175 1028 1259 ⁷⁰3
1053 1164 1222 1265 deinceps

139 1287 243 1388 quasi
266 1285 421 1362 fecunda
447 1299 561 1360 mater
580 1286 713 1386 gremio
735 1311 799 1360 suo
824 1285 920 1362 ludit
940 1289 1036 1363 varia
1059 1283 1223 1362 animan·

139 1423 223 1482 tum
249 1432 399 1508 genera,
420 1405 509 1484 haec
535 1407 610 1506 ipsa
637 1433 784 1510 quoque
809 1410 969 1508 primum
997 1406 1158 1482 inchoata
1174 1419 1224 1484 et

140 1545 289 1622 trunca,
310 1527 495 1629 paullatim
516 1553 600 1604 vero
618 1544 721 1604 aucta
746 1543 782 1604 et
800 1530 958 1629 perfecta
983 1529 1026 1604 ad
1047 1554 1126 1602 eam
1145 1553 1224 1627 spe·

139 1655 232 1726 ciem
249 1665 287 1726 et
302 1653 465 1752 liguram,
484 1675 579 1751 quae
599 1650 766 1750 deinceps
780 1650 960 1752 cujusque
976 1650 1119 1749 propria
1140 1675 1223 1748 per·

140 1772 304 1850 mansit’'.
354 1771 449 1846 Haec
473 1773 695 1862 summatim3
722 1797 846 1868 porro,
879 1797 974 1873 quae
997 1771 1043 1846 de
1063 1769 1225 1871 singula-

140 1922 227 1970 rum
255 1920 378 1968 rerum
416 1906 546 1970 natura
579 1891 716 1992 prodita
745 1908 848 1986 sunt,
879 1894 1083 1992 singulatim
1113 1919 1227 1992 expo-

141 2044 285 2093 nemus.

635 2152 731 2234 §aa

225 2365 286 2436 De
310 2362 404 2435 coeli
416 2365 566 2462 forma,
591 2359 854 2455 descriptione,
879 2369 1035 2444 notura,
1059 2358 1144 2428 situ.

189 2513 224 2584 A
248 2507 376 2584 mundi
401 2521 438 2580 et
458 2530 648 2603 corporum
673 2501 880 2577 coelestium
905 2499 1140 2598 descriptione
1164 2525 1225 2572 or·-

141 2635 298 2708 diamur.
347 2625 598 2726 Empedocles,
617 2624 671 2696 uti
689 2625 914 2722 Anaxagoras
929 2635 966 2695 et
982 2619 1044 2694 alii
1057 2620 1227 2744 quidam,

142 2752 326 2830 mundum
362 2748 523 2824 statuisse
556 2743 721 2846 proditur
759 2769 897 2820 unum
933 2767 1094 2842 eumque
1129 2743 1222 2816 fini·

141 2891 235 2950 tum
259 2881 315 2946 ⁷¹.
366 2873 414 2943 Et
437 2883 549 2944 recte:
572 2867 653 2940 licet
672 2866 771 2940 enim
791 2863 827 2938 id
851 2887 928 2937 non
947 2862 1076 2936 diserte
1098 2859 1227 2935 docue-

142 2999 208 3088 rit,
240 2993 405 3094 oongruit
437 3005 556 3064 tamen
587 2987 668 3086 ejus
691 2987 899 3060 sententiae.
951 2983 1058 3076 Quod
1084 3007 1227 3056 unum

141 3117 337 3222 putaverit¹
354 3111 555 3206 mundum,
586 3107 676 3184 effici
699 3121 814 3208 potest
835 3134 880 3180 ex
905 3133 947 3180 eo
975 3105 1072 3206 quod
1099 3105 1138 3178 in
1160 3132 1228 3178 na·-

142 3255 248 3314 turae
271 3237 407 3336 origine
432 3230 662 3307 describenda
692 3228 793 3302 dicit:
827 3227 943 3304 nolum
967 3231 1168 3329 συνέρχεται
1193 3227 1229 3302 *ὲν
1272 3239 1291 3314 j

142 3363 239 3462 μόνον
261 3353 338 3436 εἶναι
352 3365 407 3450 ⁷²3
425 3357 512 3430 item
530 3351 628 3453 quod
645 3349 908 3426 elementorum
925 3352 1091 3425 mistione
1110 3351 1228 3424 omnia

177 3631 234 3698 (69)
252 3627 309 3680 Vid.
327 3625 456 3678 Plutarch.
474 3623 541 3675 Plac.
558 3620 619 3690 phil.
633 3620 663 3682 V,
685 3621 726 3684 18,
747 3633 826 3689 quern
842 3617 911 3668 inlr-a
928 3633 1033 3687 quoque
1050 3623 1191 3681 tangemur.

176 3721 236 3788 (70)
253 3717 310 3769 Vid.
331 3715 438 3768 inferius
457 3716 470 3777 §
489 3712 529 3764 26.

174 3809 235 3878 (γι)
252 3807 310 3859 Vid.
329 3804 442 3874 Simplic.
459 3803 540 3870 Phys.
555 3802 581 3861 1,
600 3799 617 3852 f.
635 3799 667 3852 ³⁸
685 3801 717 3862 B,
740 3797 774 3850 de
791 3797 869 3850 Coelo
889 3799 931 3854 11,
950 3796 968 3846 l.
989 3794 1034 3856 ml
1051 3798 1078 3845 Α.
1098 3793 1124 3844 in
1143 3791 1228 3846 schol.
1309 3789 1315 3798 '

144 3899 252 3952 Aristot.
270 3895 364 3948 Brund.
381 3911 406 3964 p.
424 3891 472 3954 337
490 3891 522 3953 b,
541 3887 590 3941 505
606 3905 628 3940 a.
668 3888 792 3940 Stobecur
810 3884 872 3936 Eoll.
892 3881 965 3950 Phys.
986 3885 1014 3946 1,
1030 3899 1054 3950 p.
1074 3881 1130 3948 496.
1167 3883 1227 3940 Plu.

143 3985 378 4053 tricennalemque
397 3983 453 4036 citt.
472 3988 524 4032 not.
544 3977 581 4041 75.

177 4079 233 4145 (7²)
249 4075 355 4144 Empod.
370 4085 408 4124 rs.
432 4073 484 4138 169.

195 4153 260 4242 HI}
889 4156 891 4164 ’
1062 4179 1105 4254 ²7
