2952 4836
539 381 776 432 ruuoeorrnu.
1128 372 1193 434 399

116 561 344 646 congruunt,
381 547 510 620 horum
544 549 648 620 etiem
681 547 939 644 drop’pirirroibi
974 563 1101 622 mutuo
1135 575 1195 622 re-

117 669 292 769 spondere
328 693 471 744 necesse
509 685 572 743 est.
627 672 676 742 De
712 669 859 769 siugulis
883 695 967 744 vero
995 669 1101 745 rebus
1128 695 1195 744 suo

116 790 191 864 looo
215 789 346 865 dicturi
372 815 519 883 sumus3
542 789 630 864 hoec
653 792 733 864 sotis
759 791 803 864 ad
830 789 1099 884 declarandum,
1121 818 1193 891 qua

116 914 253 986 ratione
286 912 515 1012 Empedocles
549 911 725 986 elementa
762 913 865 986 variis
901 911 1010 986 modis
1037 915 1131 986 inter
1155 941 1192 986 se

115 1035 254 1106 misceri
289 1047 326 1108 et
356 1059 499 1133 oorpom
533 1047 605 1106 tom
637 1059 740 1132 agere
772 1036 810 1106 iu
839 1059 876 1108 se
903 1033 1058 1110 invicem
1080 1061 1190 1134 quom

113 1156 185 1250 poti
207 1155 378 1230 docuerit.

604 1289 700 1372 ςιο.

162 1518 385 1619 Empedoclis
405 1521 617 1593 sententiam
638 1547 723 1595 curu
745 1521 916 1619 Leucippi
942 1533 978 1594 et
1001 1521 1192 1594 Democriti

114 1641 249 1741 placitis
270 1653 448 1739 comparat
470 1641 687 1732 Aristoteles,
712 1667 795 1716 cum
823 1641 957 1741 quibus
979 1641 1037 1714 ille
1062 1643 1192 1740 purtim

112 1764 285 1854 ooncinit,
300 1763 427 1860 purtim
455 1762 640 1860 discrepat.
690 1763 863 1864 Utrique,
884 1765 948 1836 etsi
968 1763 1117 1838 diversis
1135 1763 1191 1836 usi

113 1883 309 1974 elementis,
318 1909 495 1956 concursu
507 1898 626 1957 tamen
642 1883 901 1958 elementorum
916 1910 970 1959 res
981 1885 1141 1975 formari,
1153 1898 1190 1957 et

113 2006 312 2080 eorundem
336 2003 556 2080 exhalatione
584 2031 727 2104 corpora
750 2009 879 2084 mutari
907 2007 1076 2106 varieque
1099 2004 1188 2078 affici

114 2141 335 2217 statueruut3
353 2126 415 2200 sed
434 2126 484 2200 illi
500 2153 565 2225 per
584 2153 771 2200 vacuum
795 2127 974 2226 quoddam
1000 2125 1188 2225 particulas

113 2249 192 2321 istus
224 2245 377 2322 influere
409 2249 552 2337 volunt,
587 2247 814 2347 Empedocles
844 2273 909 2347 per
942 2275 1084 2348 poros.
1135 2249 1188 2318 Ita

113 2365 298 2468 d'ntinguit
317 2371 533 2444 Aristoteles:
556 2367 663 2468 ὥσπερ
683 2368 908 2466 Ἐμπεδοκλῆς
927 2373 986 2444 κον)
1000 2375 1062 2446 τῶν
1080 2371 1189 2446 ἄλλων

113 2490 193 2570 τινές
225 2495 315 2586 φονον
335 2489 488 2592 πάσχειν
513 2489 581 2567 διον
605 2497 679 2568 τῶν
700 2493 860 2592 πόρων,
882 2491 967 2566 οὕτω
987 2492 1189 2591 (Λεύκιππόν

113 2611 211 2711 Φηον)
235 2617 351 2689 urium
373 2613 545 2690 ἀλλοίωσιν
572 2619 628 2689 κον)
655 2618 724 2690 mciv
743 2619 782 2690 ri
806 2614 960 2716 πάσχειν
990 2625 1106 2690 τοῦτον
1132 2618 1188 2715 γί-

111 2733 218 2812 uerter
231 2737 286 2812 riv
296 2737 432 2836 τρόπον,
452 2735 522 2813 deit
540 2733 616 2813 τοῦ
633 2731 752 2813 κενοῦ
770 2781 817 2794 --
832 2739 1028 2837 γιγνομένης
1042 2743 1100 2830 τῆς
1113 2735 1188 2813 dru-

111 2863 232 2941 λῦσεως
259 2863 315 2934 καὶ
337 2865 395 2950 τῆς
419 2857 569 2958 φθορᾶς,
596 2861 708 2956 ὁμοίως
733 2859 769 2937 de
793 2865 849 2936 κον)
872 2867 929 2951 τῆς
953 2859 1116 2953 mitiusue
1138 2901 1183 2918 -

113 2980 468 3078 ὑπενοδνομένων
500 2988 753 3079 οτερεῶνη.

158 3107 211 3178 De
247 3129 361 3178 vacuo
392 3119 519 3178 notum
549 3119 601 3178 est
627 3120 761 3206 quantu
791 3106 902 3178 suerit
927 3107 1021 3178 inter
1049 3118 1188 3178 veteres

112 3224 270 3327 physicos
298 3240 334 3298 et
359 3225 583 3326 philosophos
609 3229 802 3318 contentio,
827 3225 902 3298 aliis
929 3226 1066 3298 ratione
1093 3224 1186 3297 duce

113 3371 267 3421 vacuum
285 3345 338 3440 (ri
356 3347 455 3446 miv)
474 3361 646 3448 tanquam
665 3375 737 3422 nou
755 3375 818 3422 ens
837 3347 942 3446 plane
963 3345 1185 3436 tollentibus,

113 3463 184 3539 aliis
210 3470 287 3542 sine
312 3469 378 3543 hoc
401 3468 540 3543 nullam
563 3470 839 3544 vicissitudinem
861 3471 938 3543 iore
962 3467 1187 3543 contenden-

143 3623 194 3680 (un)
213 3617 362 3678 Aristotele·
379 3617 396 3670 Ι.
418 3618 435 3668 Ι.
456 3636 481 3688 p.
502 3619 551 3688 396
572 3620 603 3670 D.
637 3619 733 3671 Ultimo
749 3619 825 3672 rerba
846 3621 881 3670 eie
897 3618 1024 3686 jungendo
1041 3625 1116 3669 eunt:
1138 3615 1186 3666 διὰ
1293 3604 1298 3616 ’

114 3711 162 3758 τοῦ
184 3713 264 3763 uereri
286 3745 294 3761 .
316 3709 589 3776 ..ὑπενσδυομὶνων
606 3713 738 3780 στερεῶν,
766 3727 817 3760 non
835 3711 902 3761 ricut
921 3711 998 3776 vulgo
1016 3709 1115 3764 uolent:
1137 3710 1185 3760 διὰ

115 3805 161 3852 τοῦ
181 3807 260 3856 κενοῦ
275 3805 435 3873 γιγνομένης
450 3810 498 3873 τῆς
517 3801 674 3863 διαλύσεως.
694 3802 777 3856 Verbo
795 3805 995 3870 γιγνομένης..
1010 3837 1017 3852 .
1031 3807 1079 3868 τῆς
1096 3799 1184 3870 αὐξή-

115 3907 176 3954 οννς
192 3895 218 3945 in
234 3896 383 3964 parenthesi
401 3897 492 3968 positu.
529 3895 608 3954 tou,
630 3912 731 3947 omnem
751 3903 859 3947 naturae
877 3893 1044 3946 mutationem
1061 3909 1092 3944 eo
1114 3891 1185 3953 fieri.

114 3985 193 4053 quod,
213 3987 316 4058 quando
335 4005 375 4040 reo
396 3981 514 4039 cremant
532 3983 574 4038 rel
598 3985 731 4049 occidunt,
755 3985 849 4038 rolidue
873 3983 1014 4054 particulae
1034 3999 1082 4052 per
1102 3998 1184 4034 vacuo

115 4075 193 4143 tprtta
214 4077 320 4130 intrent.
797 4087 800 4094 ·
