3016 4840
563 383 802 440 rumosornrt.
820 461 823 479 Ι
1155 365 1220 428 319

192 555 379 630 Praeterea
406 577 453 628 ex
475 549 586 626 allatis
610 547 805 624 Aristotelio
831 545 915 622 looio
941 545 1108 620 nonnulli
1132 545 1222 620 effe-

143 689 291 768 cerunt,
306 669 589 772 Empedocleum
613 695 754 744 unum
774 666 821 742 ab
841 667 916 742 aliie
929 691 1076 768 quoque
1089 667 1222 766 ignem,

144 798 190 874 ab
218 789 295 870 aliis
326 819 471 895 aquarn,
503 791 549 867 ab
578 791 654 866 aliia
681 796 799 864 adrem
827 787 1049 864 intellectum
1076 791 1222 896 ernest.

145 918 260 994 Falso.
308 911 405 990 Illud
421 913 502 992 vult
515 913 732 990 Aristoteles:
757 911 853 986 idem
867 909 957 986 illud
974 936 1108 1000 unum,
1126 907 1225 1010 qnod

147 1035 378 1140 Empedoclea
401 1036 604 1110 Amicitiam
625 1035 775 1128 diceret,
806 1035 889 1108 alica
914 1033 1144 1134 physicorum
1164 1031 1225 1105 di-

148 1161 236 1234 xisse
268 1181 418 1260 aquarn,
455 1155 540 1230 alios
571 1159 710 1258 ignem,
743 1156 829 1232 alios
858 1161 996 1243 a‘e'rem3
1026 1152 1226 1252 intelligens

146 1279 349 1373 Thaletem,
378 1279 708 1373 Anaximandrum,
738 1277 958 1354 Heraclitum
972 1283 1032 1368 ²⁹,
1066 1299 1225 1375 quorum

147 1403 302 1502 quiaque
334 1426 452 1476 unum
483 1398 618 1501 aliquid
646 1399 779 1474 horum
806 1401 930 1474 statuit
951 1421 1154 1488 summum,
1186 1398 1225 1472 τὸ

143 1523 180 1600 *ἓν
201 1525 260 1599 καὶ
283 1523 323 1598 ri
346 1525 401 1616 dv,
428 1520 466 1615 ἐξ
488 1518 527 1596 οὗ
552 1521 600 1598 tlt
624 1523 704 1598 ὄντα
726 1517 805 1598 εἷναί
829 1549 869 1598 τε
893 1523 950 1598 aa>
967 1520 1160 1620 γεγονέναι,
1182 1535 1226 1593 ut

148 1643 344 1718 Aristotelis
365 1641 483 1719 verbis
505 1657 597 1718 utar.

195 1767 291 1864 Ergo
301 1763 523 1864 Empedoclis
536 1790 628 1840 unu
637 1793 674 1840 m
688 1767 847 1840 continet
858 1763 1005 1865 quidem
1015 1763 1227 1853 Amicitiam,

148 1911 243 1988 quae
273 1885 313 1956 in
342 1909 385 1958 eo
413 1883 629 1978 dominatur,
660 1911 728 1960 nec
752 1900 875 1962 tamen
903 1885 945 1960 ei
970 1897 1088 1958 totum
1115 1881 1228 1958 ahsol-

147 2008 265 2098 ritur3
308 2003 405 2078 idem
446 2023 498 2079 est
541 2005 803 2082 elementorum
845 2007 1034 2105 omnisque
1075 2018 1227 2080 naturae

148 2127 229 2202 lons
246 2139 284 2199 et
304 2126 535 2226 principium.
585 2129 695 2216 Docet
717 2126 785 2202 hoo
806 2123 1031 2216 Aristoteles,
1060 2123 1144 2200 alibi
1166 2123 1228 2198 di·

148 2273 249 2339 cens,
287 2245 539 2347 Empedoclem
578 2249 783 2322 universam
825 2273 950 2322 rerum
984 2259 1148 2320 naturam
1182 2244 1228 2320 ad

149 2395 269 2443 unum
284 2370 374 2470 qnid
395 2367 646 2461 reducentem,
664 2395 710 2445 ex
732 2369 799 2443 hoc
823 2395 928 2469 porro
949 2391 1121 2466 generare
1145 2393 1227 2440 orn-

149 2493 228 2586 nia,
247 2489 366 2566 addito
387 2491 562 2564 nimirum
581 2491 779 2564 formarum
796 2489 1087 2591 qualitatumque
1106 2487 1227 2562 diacri-

149 2608 265 2706 mine‚
286 2613 352 2686 etri
371 2611 459 2688 haec
479 2611 611 2712 inipso
632 2639 708 2688 uno
727 2637 800 2688 non
820 2611 948 2688 insint:
970 2611 1069 2704 droa,
1089 2612 1230 2712 inquit,

150 2733 334 2834 συναγάγῃ
364 2735 423 2818 εἷς
452 2735 495 2811 ἓν
526 2737 582 2826 τὴν
610 2732 748 2812 traco
772 2735 877 2832 φύσιν
902 2735 1069 2826 otio-rot
1093 2734 1231 2825 νείκους,

151 2853 197 2932 ἐκ
218 2867 292 2932 τοῦ
314 2860 401 2940 ἑνὸς
420 2856 593 2958 γίγνεσθαι
613 2855 715 2934 πάλιν
732 2857 885 2935 ἕκαστον·
902 2853 1116 2950 ὥστεὲξὲνὸς
1128 2883 1232 2949 τινος,

152 2974 247 3068 δῆλον
267 2977 320 3055 ‘o'rr
347 2977 581 3078 διαφοραῖς
605 3008 696 3056 τισι
720 2967 946 3082 χωριζομὲνὼν
969 2977 1232 3072 actoridem,

151 3095 283 3199 ἐγένετο
306 3103 346 3178 τὸ
372 3107 434 3199 μὲν
455 3101 557 3202 ὕδωρ,
583 3104 623 3178 rl
646 3101 684 3182 tt
710 3113 774 3202 πῦρ
794 3113 851 3178 ³0.
902 3107 996 3204 Ergo
1028 3101 1232 3178 Aristoteles

151 3249 294 3299 unum
315 3223 406 3300 illud
428 3225 572 3303 ridetur
591 3227 790 3326 intelligere
816 3239 1052 3301 communem
1068 3225 1232 3300 elemen-

155 3461 279 3529 (llrantlia.
308 3461 394 3516 Schcl.
418 3481 446 3534 p.
473 3463 520 3517 bra
535 3466 587 3534 a.);
604 3465 703 3538 Philop.
724 3466 756 3518 dc
773 3467 820 3517 An.
841 3465 862 3516 1.
882 3463 919 3516 lit
942 3465 980 3527 F,
1000 3463 1017 3515 f.
1039 3477 1067 3529 ιι
1086 3465 1120 3517 tle
1138 3467 1232 3521 Gener.

153 3551 263 3604 Animal.
282 3553 305 3604 1.
324 3550 341 3604 l.
366 3552 396 3604 16
412 3555 445 3616 o,
463 3561 492 3607 et
509 3557 611 3624 panim.

187 3641 245 3710 (ad)
263 3643 305 3696 Sic
323 3643 440 3698 Stamina
462 3663 490 3715 p.
512 3645 614 3718 1592q.

188 3732 247 3802 (²9)
263 3731 305 3784 Sic
317 3741 418 3788 vetere·
429 3751 534 3806 quoque
545 3736 702 3811 interpreter
712 3742 882 3806 acceperunt,
893 3743 925 3787 nt
936 3733 1069 3804 Philopon
1081 3735 1109 3786 in
1120 3735 1236 3804 lletaplr.

155 3819 224 3884 lidr
245 3825 276 3874 A:
296 3821 440 3884 :Quidnam
460 3831 499 3878 cat
516 3823 616 3876 unum?
636 3861 702 3878 ....
725 3825 852 3898 numquid
873 3823 948 3877 aicnti
969 3823 1105 3877 Naturales
1124 3823 1234 3876 dlcunti'
1276 3823 1278 3828 ’

155 3909 240 3964 relati
251 3911 420 3981 Empedoclea
432 3914 570 3968 amicitiam
583 3913 699 3980 dicebat,
714 3914 902 3968 Anaximander
913 3927 977 3967 vero
987 3917 1075 3966 adrem
1084 3951 1091 3974 .
1100 3913 1144 3966 alii
1158 3913 1234 3968 allal'

188 3997 246 4067 (30)
264 4000 418 4056 Ariatotelca
433 4001 467 4056 tle
481 4005 575 4058 Gener·
593 4011 620 4056 at
637 4003 710 4056 Corr.
728 4007 754 4070 1,
773 4021 834 4083 ¹·.P·
847 4003 897 4058 tet
912 4005 939 4056 G.
958 4005 1153 4077 χωριζομένων,
1168 4013 1233 4078 puta

158 4089 212 4144 caio
227 4093 386 4162 στοιχείων,
404 4091 476 4164 quod
493 4092 645 4162 intelligitur
663 4109 678 4148 o
696 4109 752 4166 sqq.
770 4096 861 4168 ὕδωρ,
879 4099 946 4166 πῦρ.
