<?xml version="1.0" encoding="UTF-8"?>
<!DOCTYPE html PUBLIC "-//W3C//DTD XHTML 1.0 Transitional//EN"
    "http://www.w3.org/TR/xhtml1/DTD/xhtml1-transitional.dtd">
<html xmlns="http://www.w3.org/1999/xhtml" xml:lang="en" lang="en">
 <head>
  <title>
</title>
<meta http-equiv="Content-Type" content="text/html;charset=utf-8" />
  <meta name='ocr-system' content='tesseract 3.04.00' />
  <meta name='ocr-capabilities' content='ocr_page ocr_carea ocr_par ocr_line ocrx_word'/>
</head>
<body>
  <div class='ocr_page' id='page_1' title='image "./philosophorumgr00xenogoog_0430.png"; bbox 0 0 2952 4836; ppageno 0'>
   <div class='ocr_carea' id='block_1_1' title="bbox 674 329 960 378">
    <p class='ocr_par' dir='ltr' id='par_1_1' title="bbox 674 329 960 378">
     <span class='ocr_line' id='line_1_1' title="bbox 674 329 960 378; baseline 0 -2"><span class='ocrx_word' id='word_1_1' title='bbox 674 331 721 376; x_wconf 76' lang='lat' dir='ltr'><strong>DE</strong></span> <span class='ocrx_word' id='word_1_2' title='bbox 744 329 960 378; x_wconf 70' lang='lat' dir='ltr'><strong>ettennocnts</strong></span> 
     </span>
    </p>
   </div>
   <div class='ocr_carea' id='block_1_2' title="bbox 654 667 867 752">
    <p class='ocr_par' dir='ltr' id='par_1_2' title="bbox 654 667 867 752">
     <span class='ocr_line' id='line_1_2' title="bbox 654 667 867 752; baseline -0.005 -22"><span class='ocrx_word' id='word_1_3' title='bbox 654 667 657 672; x_wconf 87' lang='lat'>·</span> <span class='ocrx_word' id='word_1_4' title='bbox 767 669 867 752; x_wconf 76' lang='lat' dir='ltr'><strong>§aa</strong></span> 
     </span>
    </p>
   </div>
   <div class='ocr_carea' id='block_1_3' title="bbox 361 925 1270 1030">
    <p class='ocr_par' dir='ltr' id='par_1_3' title="bbox 361 925 1270 1030">
     <span class='ocr_line' id='line_1_3' title="bbox 361 925 1270 1030; baseline 0.006 -41"><span class='ocrx_word' id='word_1_5' title='bbox 361 927 410 990; x_wconf 81' lang='lat' dir='ltr'><strong>llll</strong></span> <span class='ocrx_word' id='word_1_6' title='bbox 428 925 546 992; x_wconf 75' lang='lat' dir='ltr'><strong>nullm</strong></span> <span class='ocrx_word' id='word_1_7' title='bbox 565 925 760 1030; x_wconf 62' lang='lat' dir='ltr'><strong>nuncnune</strong></span> <span class='ocrx_word' id='word_1_8' title='bbox 779 931 1018 996; x_wconf 67' lang='lat' dir='ltr'><strong>ottonum!</strong></span> <span class='ocrx_word' id='word_1_9' title='bbox 1038 929 1270 996; x_wconf 72' lang='lat' dir='ltr'><strong>commone</strong></span> 
     </span>
    </p>
   </div>
   <div class='ocr_carea' id='block_1_4' title="bbox 282 1105 1357 1938">
    <p class='ocr_par' dir='ltr' id='par_1_4' title="bbox 282 1105 1357 1938">
     <span class='ocr_line' id='line_1_4' title="bbox 329 1105 1352 1210; baseline 0.003 -33"><span class='ocrx_word' id='word_1_10' title='bbox 329 1105 508 1180; x_wconf 86' lang='lat' dir='ltr'><strong>Mundum</strong></span> <span class='ocrx_word' id='word_1_11' title='bbox 534 1107 652 1202; x_wconf 87' lang='lat' dir='ltr'><strong>hunc,</strong></span> <span class='ocrx_word' id='word_1_12' title='bbox 672 1109 816 1210; x_wconf 89' lang='lat' dir='ltr'><strong>qualem</strong></span> <span class='ocrx_word' id='word_1_13' title='bbox 839 1112 1035 1204; x_wconf 88' lang='lat' dir='ltr'><strong>cernimus,</strong></span> <span class='ocrx_word' id='word_1_14' title='bbox 1057 1108 1216 1201; x_wconf 90' lang='lat' dir='ltr'><strong>coelum,</strong></span> <span class='ocrx_word' id='word_1_15' title='bbox 1240 1133 1352 1197; x_wconf 87' lang='lat' dir='ltr'><strong>mare,</strong></span> 
     </span>
     <span class='ocr_line' id='line_1_5' title="bbox 283 1227 1353 1336; baseline -0.003 -31"><span class='ocrx_word' id='word_1_16' title='bbox 283 1241 411 1320; x_wconf 83' lang='lat' dir='ltr'><strong>terras,</strong></span> <span class='ocrx_word' id='word_1_17' title='bbox 444 1227 679 1331; x_wconf 90' lang='lat' dir='ltr'><strong>coelestiaque</strong></span> <span class='ocrx_word' id='word_1_18' title='bbox 710 1233 832 1305; x_wconf 89' lang='lat' dir='ltr'><strong>omnia</strong></span> <span class='ocrx_word' id='word_1_19' title='bbox 860 1246 897 1306; x_wconf 88' lang='lat' dir='ltr'><strong>et</strong></span> <span class='ocrx_word' id='word_1_20' title='bbox 926 1231 1106 1306; x_wconf 77' lang='lat' dir='ltr'><strong>terrestria</strong></span> <span class='ocrx_word' id='word_1_21' title='bbox 1133 1256 1208 1336; x_wconf 79' lang='lat' dir='ltr'><strong>non</strong></span> <span class='ocrx_word' id='word_1_22' title='bbox 1239 1227 1353 1304; x_wconf 87' lang='lat' dir='ltr'><strong>subito</strong></span> 
     </span>
     <span class='ocr_line' id='line_1_6' title="bbox 283 1349 1353 1453; baseline -0.002 -31"><span class='ocrx_word' id='word_1_23' title='bbox 283 1375 324 1422; x_wconf 83' lang='lat' dir='ltr'><strong>ac</strong></span> <span class='ocrx_word' id='word_1_24' title='bbox 347 1349 471 1426; x_wconf 77' lang='lat' dir='ltr'><strong>divina</strong></span> <span class='ocrx_word' id='word_1_25' title='bbox 496 1353 656 1451; x_wconf 72' lang='lat' dir='ltr'><strong>virgulti,</strong></span> <span class='ocrx_word' id='word_1_26' title='bbox 688 1369 732 1427; x_wconf 91' lang='lat' dir='ltr'><strong>ut</strong></span> <span class='ocrx_word' id='word_1_27' title='bbox 755 1353 878 1453; x_wconf 85' lang='lat' dir='ltr'><strong>ajunt,</strong></span> <span class='ocrx_word' id='word_1_28' title='bbox 906 1351 1138 1452; x_wconf 88' lang='lat' dir='ltr'><strong>Empedocles</strong></span> <span class='ocrx_word' id='word_1_29' title='bbox 1161 1352 1353 1425; x_wconf 87' lang='lat' dir='ltr'><strong>formatum</strong></span> 
     </span>
     <span class='ocr_line' id='line_1_7' title="bbox 283 1471 1354 1574; baseline -0.005 -28"><span class='ocrx_word' id='word_1_30' title='bbox 283 1471 418 1560; x_wconf 82' lang='lat' dir='ltr'><strong>voluit3</strong></span> <span class='ocrx_word' id='word_1_31' title='bbox 453 1471 515 1545; x_wconf 88' lang='lat' dir='ltr'><strong>sed</strong></span> <span class='ocrx_word' id='word_1_32' title='bbox 546 1473 850 1574; x_wconf 80' lang='lat' dir='ltr'><strong>quemadmodum</strong></span> <span class='ocrx_word' id='word_1_33' title='bbox 885 1502 905 1548; x_wconf 93' lang='lat' dir='ltr'><strong>a</strong></span> <span class='ocrx_word' id='word_1_34' title='bbox 940 1475 1056 1573; x_wconf 89' lang='lat' dir='ltr'><strong>primo</strong></span> <span class='ocrx_word' id='word_1_35' title='bbox 1090 1497 1216 1546; x_wconf 88' lang='lat' dir='ltr'><strong>rerum</strong></span> <span class='ocrx_word' id='word_1_36' title='bbox 1250 1496 1354 1544; x_wconf 80' lang='lat' dir='ltr'><strong>exor-</strong></span> 
     </span>
     <span class='ocr_line' id='line_1_8' title="bbox 282 1591 1356 1696; baseline -0.004 -30"><span class='ocrx_word' id='word_1_37' title='bbox 282 1591 341 1666; x_wconf 92' lang='lat' dir='ltr'><strong>dio</strong></span> <span class='ocrx_word' id='word_1_38' title='bbox 371 1592 469 1668; x_wconf 89' lang='lat' dir='ltr'><strong>aliud</strong></span> <span class='ocrx_word' id='word_1_39' title='bbox 500 1618 547 1668; x_wconf 83' lang='lat' dir='ltr'><strong>ex</strong></span> <span class='ocrx_word' id='word_1_40' title='bbox 581 1595 648 1670; x_wconf 89' lang='lat' dir='ltr'><strong>alio</strong></span> <span class='ocrx_word' id='word_1_41' title='bbox 682 1597 873 1691; x_wconf 78' lang='lat' dir='ltr'><strong>exstitisse,</strong></span> <span class='ocrx_word' id='word_1_42' title='bbox 906 1598 1065 1696; x_wconf 89' lang='lat' dir='ltr'><strong>primum</strong></span> <span class='ocrx_word' id='word_1_43' title='bbox 1094 1592 1306 1692; x_wconf 69' lang='lat' dir='ltr'><strong>sphaeram,</strong></span> <span class='ocrx_word' id='word_1_44' title='bbox 1336 1617 1356 1662; x_wconf 91' lang='lat' dir='ltr'><strong>e</strong></span> 
     </span>
     <span class='ocr_line' id='line_1_9' title="bbox 283 1705 1356 1814; baseline -0.003 -27"><span class='ocrx_word' id='word_1_45' title='bbox 283 1713 432 1814; x_wconf 79' lang='lat' dir='ltr'><strong>sphaerd</strong></span> <span class='ocrx_word' id='word_1_46' title='bbox 458 1714 653 1810; x_wconf 86' lang='lat' dir='ltr'><strong>elementa,</strong></span> <span class='ocrx_word' id='word_1_47' title='bbox 677 1743 723 1792; x_wconf 82' lang='lat' dir='ltr'><strong>ex</strong></span> <span class='ocrx_word' id='word_1_48' title='bbox 748 1717 935 1792; x_wconf 82' lang='lat' dir='ltr'><strong>elementis</strong></span> <span class='ocrx_word' id='word_1_49' title='bbox 957 1705 1110 1791; x_wconf 80' lang='lat' dir='ltr'><strong>natume</strong></span> <span class='ocrx_word' id='word_1_50' title='bbox 1133 1713 1264 1788; x_wconf 86' lang='lat' dir='ltr'><strong>molem</strong></span> <span class='ocrx_word' id='word_1_51' title='bbox 1286 1713 1356 1786; x_wconf 91' lang='lat' dir='ltr'><strong>fin-</strong></span> 
     </span>
     <span class='ocr_line' id='line_1_10' title="bbox 285 1833 1357 1938; baseline -0.003 -27"><span class='ocrx_word' id='word_1_52' title='bbox 285 1833 360 1928; x_wconf 82' lang='lat' dir='ltr'><strong>xit,</strong></span> <span class='ocrx_word' id='word_1_53' title='bbox 382 1835 430 1908; x_wconf 90' lang='lat' dir='ltr'><strong>ita</strong></span> <span class='ocrx_word' id='word_1_54' title='bbox 454 1862 558 1935; x_wconf 87' lang='lat' dir='ltr'><strong>porro</strong></span> <span class='ocrx_word' id='word_1_55' title='bbox 586 1865 632 1913; x_wconf 85' lang='lat' dir='ltr'><strong>ex</strong></span> <span class='ocrx_word' id='word_1_56' title='bbox 656 1837 827 1938; x_wconf 85' lang='lat' dir='ltr'><strong>indigesta</strong></span> <span class='ocrx_word' id='word_1_57' title='bbox 851 1838 911 1912; x_wconf 88' lang='lat' dir='ltr'><strong>illa</strong></span> <span class='ocrx_word' id='word_1_58' title='bbox 936 1837 1029 1912; x_wconf 91' lang='lat' dir='ltr'><strong>mole</strong></span> <span class='ocrx_word' id='word_1_59' title='bbox 1053 1863 1127 1912; x_wconf 92' lang='lat' dir='ltr'><strong>non</strong></span> <span class='ocrx_word' id='word_1_60' title='bbox 1151 1834 1269 1910; x_wconf 88' lang='lat' dir='ltr'><strong>subito</strong></span> <span class='ocrx_word' id='word_1_61' title='bbox 1289 1835 1357 1928; x_wconf 80' lang='grc' dir='ltr'><strong>(οὐκ</strong></span> 
     </span>
    </p>
   </div>
   <div class='ocr_carea' id='block_1_5' title="bbox 285 1955 1461 3906">
    <p class='ocr_par' dir='ltr' id='par_1_5' title="bbox 285 1955 1357 2518">
     <span class='ocr_line' id='line_1_11' title="bbox 287 1955 1356 2060; baseline -0.002 -28"><span class='ocrx_word' id='word_1_62' title='bbox 287 1960 381 2056; x_wconf 63' lang='grc' dir='ltr'><strong>ἄφαρ</strong></span> <span class='ocrx_word' id='word_1_63' title='bbox 396 1957 456 2058; x_wconf 84' lang='lat'><strong>⁶⁶)</strong></span> <span class='ocrx_word' id='word_1_64' title='bbox 483 1959 665 2034; x_wconf 91' lang='lat' dir='ltr'><strong>mundum</strong></span> <span class='ocrx_word' id='word_1_65' title='bbox 691 1959 859 2036; x_wconf 86' lang='lat' dir='ltr'><strong>effectum</strong></span> <span class='ocrx_word' id='word_1_66' title='bbox 884 1961 1040 2060; x_wconf 80' lang='lat' dir='ltr'><strong>putavit,</strong></span> <span class='ocrx_word' id='word_1_67' title='bbox 1071 1955 1178 2032; x_wconf 88' lang='lat' dir='ltr'><strong>seda</strong></span> <span class='ocrx_word' id='word_1_68' title='bbox 1206 1955 1356 2032; x_wconf 86' lang='lat' dir='ltr'><strong>rudibus</strong></span> 
     </span>
     <span class='ocr_line' id='line_1_12' title="bbox 285 2077 1357 2181; baseline -0.007 -26"><span class='ocrx_word' id='word_1_69' title='bbox 285 2094 452 2180; x_wconf 87' lang='lat' dir='ltr'><strong>coeptum</strong></span> <span class='ocrx_word' id='word_1_70' title='bbox 482 2081 590 2154; x_wconf 86' lang='lat' dir='ltr'><strong>initiis</strong></span> <span class='ocrx_word' id='word_1_71' title='bbox 616 2079 801 2179; x_wconf 80' lang='lat' dir='ltr'><strong>paullatim</strong></span> <span class='ocrx_word' id='word_1_72' title='bbox 829 2079 1065 2181; x_wconf 88' lang='lat' dir='ltr'><strong>compositum</strong></span> <span class='ocrx_word' id='word_1_73' title='bbox 1091 2104 1167 2152; x_wconf 90' lang='lat' dir='ltr'><strong>esse</strong></span> <span class='ocrx_word' id='word_1_74' title='bbox 1193 2079 1231 2150; x_wconf 90' lang='lat' dir='ltr'><strong>in</strong></span> <span class='ocrx_word' id='word_1_75' title='bbox 1260 2077 1357 2150; x_wconf 88' lang='lat' dir='ltr'><strong>hunc</strong></span> 
     </span>
     <span class='ocr_line' id='line_1_13' title="bbox 286 2195 1357 2306; baseline -0.008 -28"><span class='ocrx_word' id='word_1_76' title='bbox 286 2202 451 2278; x_wconf 86' lang='lat' dir='ltr'><strong>ordinem</strong></span> <span class='ocrx_word' id='word_1_77' title='bbox 477 2228 588 2302; x_wconf 89' lang='lat' dir='ltr'><strong>quem</strong></span> <span class='ocrx_word' id='word_1_78' title='bbox 620 2201 812 2278; x_wconf 89' lang='lat' dir='ltr'><strong>cernimus.</strong></span> <span class='ocrx_word' id='word_1_79' title='bbox 862 2205 1010 2306; x_wconf 88' lang='lat' dir='ltr'><strong>Itaque,</strong></span> <span class='ocrx_word' id='word_1_80' title='bbox 1038 2213 1219 2303; x_wconf 86' lang='lat' dir='ltr'><strong>quantum</strong></span> <span class='ocrx_word' id='word_1_81' title='bbox 1253 2195 1357 2272; x_wconf 92' lang='lat' dir='ltr'><strong>edi-</strong></span> 
     </span>
     <span class='ocr_line' id='line_1_14' title="bbox 286 2323 1356 2424; baseline -0.005 -28"><span class='ocrx_word' id='word_1_82' title='bbox 286 2325 413 2422; x_wconf 87' lang='lat' dir='ltr'><strong>spersis</strong></span> <span class='ocrx_word' id='word_1_83' title='bbox 431 2324 567 2399; x_wconf 88' lang='lat' dir='ltr'><strong>indiciis</strong></span> <span class='ocrx_word' id='word_1_84' title='bbox 591 2324 703 2424; x_wconf 77' lang='lat' dir='ltr'><strong>colligi</strong></span> <span class='ocrx_word' id='word_1_85' title='bbox 726 2323 827 2418; x_wconf 88' lang='lat' dir='ltr'><strong>licet,</strong></span> <span class='ocrx_word' id='word_1_86' title='bbox 845 2325 1027 2400; x_wconf 90' lang='lat' dir='ltr'><strong>mundum</strong></span> <span class='ocrx_word' id='word_1_87' title='bbox 1054 2347 1183 2424; x_wconf 89' lang='lat' dir='ltr'><strong>resque</strong></span> <span class='ocrx_word' id='word_1_88' title='bbox 1210 2334 1356 2394; x_wconf 87' lang='lat' dir='ltr'><strong>naturae</strong></span> 
     </span>
     <span class='ocr_line' id='line_1_15' title="bbox 287 2443 1056 2518; baseline -0.001 -2"><span class='ocrx_word' id='word_1_89' title='bbox 287 2445 346 2516; x_wconf 81' lang='lat' dir='ltr'><strong>tali</strong></span> <span class='ocrx_word' id='word_1_90' title='bbox 371 2444 447 2517; x_wconf 87' lang='lat' dir='ltr'><strong>fere</strong></span> <span class='ocrx_word' id='word_1_91' title='bbox 467 2443 571 2517; x_wconf 89' lang='lat' dir='ltr'><strong>modo</strong></span> <span class='ocrx_word' id='word_1_92' title='bbox 591 2459 666 2516; x_wconf 82' lang='lat' dir='ltr'><strong>orta</strong></span> <span class='ocrx_word' id='word_1_93' title='bbox 688 2457 725 2516; x_wconf 90' lang='lat' dir='ltr'><strong>et</strong></span> <span class='ocrx_word' id='word_1_94' title='bbox 746 2445 894 2518; x_wconf 88' lang='lat' dir='ltr'><strong>formata</strong></span> <span class='ocrx_word' id='word_1_95' title='bbox 919 2445 1056 2517; x_wconf 88' lang='lat' dir='ltr'><strong>cecinit.</strong></span> 
     </span>
    </p>

    <p class='ocr_par' dir='ltr' id='par_1_6' title="bbox 288 2562 1461 3737">
     <span class='ocr_line' id='line_1_16' title="bbox 337 2562 1358 2666; baseline -0.005 -27"><span class='ocrx_word' id='word_1_96' title='bbox 337 2565 487 2657; x_wconf 77' lang='lat' dir='ltr'><strong>»Quum</strong></span> <span class='ocrx_word' id='word_1_97' title='bbox 530 2562 705 2638; x_wconf 86' lang='lat' dir='ltr'><strong>elementa</strong></span> <span class='ocrx_word' id='word_1_98' title='bbox 744 2589 852 2637; x_wconf 90' lang='lat' dir='ltr'><strong>suum</strong></span> <span class='ocrx_word' id='word_1_99' title='bbox 892 2563 1063 2666; x_wconf 87' lang='lat' dir='ltr'><strong>quodque</strong></span> <span class='ocrx_word' id='word_1_100' title='bbox 1094 2563 1212 2638; x_wconf 87' lang='lat' dir='ltr'><strong>locum</strong></span> <span class='ocrx_word' id='word_1_101' title='bbox 1245 2563 1358 2636; x_wconf 87' lang='lat' dir='ltr'><strong>sortita</strong></span> 
     </span>
     <span class='ocr_line' id='line_1_17' title="bbox 289 2683 1357 2787; baseline -0.001 -29"><span class='ocrx_word' id='word_1_102' title='bbox 289 2683 475 2758; x_wconf 87' lang='lat' dir='ltr'><strong>Amicitiae</strong></span> <span class='ocrx_word' id='word_1_103' title='bbox 496 2685 534 2757; x_wconf 92' lang='lat' dir='ltr'><strong>in</strong></span> <span class='ocrx_word' id='word_1_104' title='bbox 558 2685 673 2760; x_wconf 90' lang='lat' dir='ltr'><strong>medio</strong></span> <span class='ocrx_word' id='word_1_105' title='bbox 698 2685 852 2760; x_wconf 81' lang='lat' dir='ltr'><strong>sedentis</strong></span> <span class='ocrx_word' id='word_1_106' title='bbox 872 2688 908 2763; x_wconf 82' lang='lat' dir='ltr'><strong>vi</strong></span> <span class='ocrx_word' id='word_1_107' title='bbox 935 2687 1073 2760; x_wconf 88' lang='lat' dir='ltr'><strong>misceri</strong></span> <span class='ocrx_word' id='word_1_108' title='bbox 1095 2687 1292 2787; x_wconf 86' lang='lat' dir='ltr'><strong>coepissent</strong></span> <span class='ocrx_word' id='word_1_109' title='bbox 1306 2685 1357 2774; x_wconf 86' lang='lat'><strong>⁶⁷,</strong></span> 
     </span>
     <span class='ocr_line' id='line_1_18' title="bbox 289 2803 1358 2906; baseline -0.001 -27"><span class='ocrx_word' id='word_1_110' title='bbox 289 2807 448 2906; x_wconf 88' lang='lat' dir='ltr'><strong>primum</strong></span> <span class='ocrx_word' id='word_1_111' title='bbox 476 2805 644 2881; x_wconf 84' lang='lat' dir='ltr'><strong>deformis</strong></span> <span class='ocrx_word' id='word_1_112' title='bbox 674 2809 747 2881; x_wconf 86' lang='lat' dir='ltr'><strong>fuit</strong></span> <span class='ocrx_word' id='word_1_113' title='bbox 773 2821 923 2883; x_wconf 85' lang='lat' dir='ltr'><strong>naturae</strong></span> <span class='ocrx_word' id='word_1_114' title='bbox 946 2809 1066 2882; x_wconf 81' lang='lat' dir='ltr'><strong>facies:</strong></span> <span class='ocrx_word' id='word_1_115' title='bbox 1095 2823 1189 2882; x_wconf 86' lang='lat' dir='ltr'><strong>terra</strong></span> <span class='ocrx_word' id='word_1_116' title='bbox 1210 2803 1358 2880; x_wconf 92' lang='lat' dir='ltr'><strong>humore</strong></span> 
     </span>
     <span class='ocr_line' id='line_1_19' title="bbox 289 2927 1461 3028; baseline 0.001 -29"><span class='ocrx_word' id='word_1_117' title='bbox 289 2927 454 3027; x_wconf 80' lang='lat' dir='ltr'><strong>perfusa3</strong></span> <span class='ocrx_word' id='word_1_118' title='bbox 488 2927 627 3002; x_wconf 89' lang='lat' dir='ltr'><strong>coelum</strong></span> <span class='ocrx_word' id='word_1_119' title='bbox 659 2929 859 3028; x_wconf 88' lang='lat' dir='ltr'><strong>promiscue</strong></span> <span class='ocrx_word' id='word_1_120' title='bbox 889 2930 964 3028; x_wconf 85' lang='lat' dir='ltr'><strong>igni</strong></span> <span class='ocrx_word' id='word_1_121' title='bbox 992 2943 1029 3004; x_wconf 86' lang='lat' dir='ltr'><strong>et</strong></span> <span class='ocrx_word' id='word_1_122' title='bbox 1052 2935 1133 3004; x_wconf 71' lang='lat' dir='ltr'><strong>aire</strong></span> <span class='ocrx_word' id='word_1_123' title='bbox 1156 2927 1356 3004; x_wconf 88' lang='lat' dir='ltr'><strong>conflatum.</strong></span> <span class='ocrx_word' id='word_1_124' title='bbox 1460 2959 1461 2972; x_wconf 54' lang='lat'>¹</span> 
     </span>
     <span class='ocr_line' id='line_1_20' title="bbox 289 3049 1461 3160; baseline -0.001 -38"><span class='ocrx_word' id='word_1_125' title='bbox 289 3050 364 3122; x_wconf 89' lang='lat' dir='ltr'><strong>Nee</strong></span> <span class='ocrx_word' id='word_1_126' title='bbox 393 3049 445 3123; x_wconf 88' lang='lat' dir='ltr'><strong>sol</strong></span> <span class='ocrx_word' id='word_1_127' title='bbox 478 3075 598 3150; x_wconf 88' lang='lat' dir='ltr'><strong>neque</strong></span> <span class='ocrx_word' id='word_1_128' title='bbox 628 3049 716 3124; x_wconf 87' lang='lat' dir='ltr'><strong>luna</strong></span> <span class='ocrx_word' id='word_1_129' title='bbox 748 3075 815 3124; x_wconf 90' lang='lat' dir='ltr'><strong>nec</strong></span> <span class='ocrx_word' id='word_1_130' title='bbox 845 3051 983 3152; x_wconf 83' lang='lat' dir='ltr'><strong>reliqua</strong></span> <span class='ocrx_word' id='word_1_131' title='bbox 1012 3051 1126 3125; x_wconf 80' lang='lat' dir='ltr'><strong>sidem</strong></span> <span class='ocrx_word' id='word_1_132' title='bbox 1159 3049 1358 3150; x_wconf 79' lang='lat' dir='ltr'><strong>fulgebant3</strong></span> <span class='ocrx_word' id='word_1_133' title='bbox 1460 3101 1461 3160; x_wconf 29' lang='lat' dir='ltr'><strong>l</strong></span> 
     </span>
     <span class='ocr_line' id='line_1_21' title="bbox 289 3163 1461 3274; baseline 0.003 -30"><span class='ocrx_word' id='word_1_134' title='bbox 289 3171 434 3245; x_wconf 89' lang='lat' dir='ltr'><strong>nullum</strong></span> <span class='ocrx_word' id='word_1_135' title='bbox 464 3170 533 3274; x_wconf 85' lang='lat' dir='ltr'><strong>diei</strong></span> <span class='ocrx_word' id='word_1_136' title='bbox 557 3185 594 3245; x_wconf 91' lang='lat' dir='ltr'><strong>et</strong></span> <span class='ocrx_word' id='word_1_137' title='bbox 617 3169 748 3266; x_wconf 79' lang='lat' dir='ltr'><strong>noctis,</strong></span> <span class='ocrx_word' id='word_1_138' title='bbox 782 3170 928 3245; x_wconf 89' lang='lat' dir='ltr'><strong>nullum</strong></span> <span class='ocrx_word' id='word_1_139' title='bbox 951 3174 1037 3245; x_wconf 87' lang='lat' dir='ltr'><strong>anni</strong></span> <span class='ocrx_word' id='word_1_140' title='bbox 1061 3187 1266 3274; x_wconf 85' lang='lat' dir='ltr'><strong>temporum</strong></span> <span class='ocrx_word' id='word_1_141' title='bbox 1290 3173 1358 3248; x_wconf 86' lang='lat' dir='ltr'><strong>dis-</strong></span> <span class='ocrx_word' id='word_1_142' title='bbox 1460 3163 1461 3204; x_wconf 37' lang='lat' dir='ltr'><strong>l</strong></span> 
     </span>
     <span class='ocr_line' id='line_1_22' title="bbox 288 3293 1357 3388; baseline 0.001 -21"><span class='ocrx_word' id='word_1_143' title='bbox 288 3295 436 3368; x_wconf 88' lang='lat' dir='ltr'><strong>crimen.</strong></span> <span class='ocrx_word' id='word_1_144' title='bbox 485 3294 607 3368; x_wconf 85' lang='lat' dir='ltr'><strong>Tellus</strong></span> <span class='ocrx_word' id='word_1_145' title='bbox 629 3297 716 3368; x_wconf 86' lang='lat' dir='ltr'><strong>item</strong></span> <span class='ocrx_word' id='word_1_146' title='bbox 744 3293 862 3368; x_wconf 84' lang='lat' dir='ltr'><strong>nullas</strong></span> <span class='ocrx_word' id='word_1_147' title='bbox 886 3293 1023 3369; x_wconf 79' lang='lat' dir='ltr'><strong>serebat</strong></span> <span class='ocrx_word' id='word_1_148' title='bbox 1047 3294 1268 3388; x_wconf 84' lang='lat' dir='ltr'><strong>animantes,</strong></span> <span class='ocrx_word' id='word_1_149' title='bbox 1298 3296 1357 3368; x_wconf 86' lang='lat' dir='ltr'><strong>nisi</strong></span> 
     </span>
     <span class='ocr_line' id='line_1_23' title="bbox 290 3415 1357 3518; baseline 0.002 -30"><span class='ocrx_word' id='word_1_150' title='bbox 290 3415 417 3490; x_wconf 84' lang='lat' dir='ltr'><strong>herbas</strong></span> <span class='ocrx_word' id='word_1_151' title='bbox 432 3431 469 3490; x_wconf 86' lang='lat' dir='ltr'><strong>et</strong></span> <span class='ocrx_word' id='word_1_152' title='bbox 488 3415 657 3516; x_wconf 83' lang='lat' dir='ltr'><strong>virgulta,</strong></span> <span class='ocrx_word' id='word_1_153' title='bbox 679 3441 774 3518; x_wconf 89' lang='lat' dir='ltr'><strong>qnae</strong></span> <span class='ocrx_word' id='word_1_154' title='bbox 796 3429 922 3516; x_wconf 87' lang='lat' dir='ltr'><strong>sponte</strong></span> <span class='ocrx_word' id='word_1_155' title='bbox 944 3443 1009 3492; x_wconf 86' lang='lat' dir='ltr'><strong>sua</strong></span> <span class='ocrx_word' id='word_1_156' title='bbox 1034 3416 1134 3491; x_wconf 91' lang='lat' dir='ltr'><strong>nullo</strong></span> <span class='ocrx_word' id='word_1_157' title='bbox 1151 3417 1231 3492; x_wconf 80' lang='lat' dir='ltr'><strong>solis</strong></span> <span class='ocrx_word' id='word_1_158' title='bbox 1251 3418 1357 3491; x_wconf 86' lang='lat' dir='ltr'><strong>calore</strong></span> 
     </span>
     <span class='ocr_line' id='line_1_24' title="bbox 291 3536 1357 3614; baseline -0.002 0"><span class='ocrx_word' id='word_1_159' title='bbox 291 3537 553 3614; x_wconf 86' lang='lat' dir='ltr'><strong>efflorescebant</strong></span> <span class='ocrx_word' id='word_1_160' title='bbox 565 3541 621 3608; x_wconf 77' lang='lat'><strong>⁶⁸.</strong></span> <span class='ocrx_word' id='word_1_161' title='bbox 664 3536 854 3612; x_wconf 87' lang='lat' dir='ltr'><strong>Paullatim</strong></span> <span class='ocrx_word' id='word_1_162' title='bbox 875 3562 960 3612; x_wconf 88' lang='lat' dir='ltr'><strong>vero</strong></span> <span class='ocrx_word' id='word_1_163' title='bbox 980 3538 1131 3613; x_wconf 85' lang='lat' dir='ltr'><strong>aetheris</strong></span> <span class='ocrx_word' id='word_1_164' title='bbox 1146 3541 1357 3614; x_wconf 85' lang='lat' dir='ltr'><strong>circumactu</strong></span> 
     </span>
     <span class='ocr_line' id='line_1_25' title="bbox 292 3659 1356 3737; baseline -0.002 -4"><span class='ocrx_word' id='word_1_165' title='bbox 292 3674 328 3734; x_wconf 82' lang='lat' dir='ltr'><strong>et</strong></span> <span class='ocrx_word' id='word_1_166' title='bbox 349 3659 609 3734; x_wconf 88' lang='lat' dir='ltr'><strong>elementorum</strong></span> <span class='ocrx_word' id='word_1_167' title='bbox 633 3671 735 3733; x_wconf 80' lang='lat' dir='ltr'><strong>motu</strong></span> <span class='ocrx_word' id='word_1_168' title='bbox 757 3659 886 3733; x_wconf 85' lang='lat' dir='ltr'><strong>exista</strong></span> <span class='ocrx_word' id='word_1_169' title='bbox 909 3661 1118 3737; x_wconf 83' lang='lat' dir='ltr'><strong>confusione</strong></span> <span class='ocrx_word' id='word_1_170' title='bbox 1139 3661 1225 3736; x_wconf 84' lang='lat' dir='ltr'><strong>ordo</strong></span> <span class='ocrx_word' id='word_1_171' title='bbox 1246 3675 1356 3735; x_wconf 86' lang='lat' dir='ltr'><strong>natus.</strong></span> 
     </span>
    </p>

    <p class='ocr_par' dir='ltr' id='par_1_7' title="bbox 320 3835 632 3906">
     <span class='ocr_line' id='line_1_26' title="bbox 320 3835 632 3906; baseline -0.01 -18"><span class='ocrx_word' id='word_1_172' title='bbox 320 3836 383 3902; x_wconf 76' lang='lat'>(66)</span> <span class='ocrx_word' id='word_1_173' title='bbox 398 3835 504 3906; x_wconf 79' lang='lat' dir='ltr'><strong>Enped.</strong></span> <span class='ocrx_word' id='word_1_174' title='bbox 521 3853 557 3887; x_wconf 71' lang='lat' dir='ltr'><strong>ru</strong></span> <span class='ocrx_word' id='word_1_175' title='bbox 579 3849 632 3898; x_wconf 82' lang='lat'><strong>¹70.</strong></span> 
     </span>
    </p>
   </div>
   <div class='ocr_carea' id='block_1_6' title="bbox 323 3924 708 4085">
    <p class='ocr_par' dir='ltr' id='par_1_8' title="bbox 323 3924 708 4085">
     <span class='ocr_line' id='line_1_27' title="bbox 323 3924 633 3995; baseline -0.006 -17"><span class='ocrx_word' id='word_1_176' title='bbox 323 3927 380 3992; x_wconf 79' lang='lat'><strong>(67)</strong></span> <span class='ocrx_word' id='word_1_177' title='bbox 395 3924 501 3995; x_wconf 82' lang='lat' dir='ltr'><strong>Emped.</strong></span> <span class='ocrx_word' id='word_1_178' title='bbox 521 3942 557 3978; x_wconf 78' lang='lat' dir='ltr'><strong>va.</strong></span> <span class='ocrx_word' id='word_1_179' title='bbox 580 3925 633 3977; x_wconf 75' lang='lat'><strong>168.</strong></span> 
     </span>
     <span class='ocr_line' id='line_1_28' title="bbox 325 4014 708 4085; baseline -0.003 -18"><span class='ocrx_word' id='word_1_180' title='bbox 325 4016 381 4082; x_wconf 81' lang='lat'><strong>(68)</strong></span> <span class='ocrx_word' id='word_1_181' title='bbox 398 4015 455 4067; x_wconf 70' lang='lat' dir='ltr'><strong>vid.</strong></span> <span class='ocrx_word' id='word_1_182' title='bbox 475 4014 580 4067; x_wconf 76' lang='lat' dir='ltr'><strong>inferius</strong></span> <span class='ocrx_word' id='word_1_183' title='bbox 597 4031 650 4085; x_wconf 81' lang='lat' dir='ltr'><strong>sqq.</strong></span> <span class='ocrx_word' id='word_1_184' title='bbox 670 4015 708 4084; x_wconf 82' lang='lat'><strong>55.</strong></span> 
     </span>
    </p>
   </div>
   <div class='ocr_carea' id='block_1_7' title="bbox 0 0 1497 4836">
    <p class='ocr_par' dir='ltr' id='par_1_9' title="bbox 0 0 1497 4836">
     <span class='ocr_line' id='line_1_29' title="bbox 0 0 1497 4836; baseline 0 0"><span class='ocrx_word' id='word_1_185' title='bbox 0 0 1497 4836; x_wconf 95' lang='lat' dir='ltr'><strong> </strong></span> 
     </span>
    </p>
   </div>
  </div>
 </body>
</html>
