2952 4836
496 461 500 468 Ι
630 414 632 422 v
663 387 709 436 DE
731 385 949 434 uuuunoctts

745 821 842 905 ς-ιτ.

618 1087 666 1148 DE
685 1087 812 1148 ussus
831 1085 987 1148 uticus.

315 1269 496 1342 Hactenus
536 1263 838 1339 consideravimus
881 1261 1042 1334 universi
1083 1261 1259 1334 elementa
1307 1275 1345 1336 et

264 1388 367 1484 quasi
382 1387 531 1487 speeies,
545 1412 567 1459 e
581 1383 715 1486 quibus
733 1384 851 1456 omnia
870 1397 943 1456 tam
963 1380 1122 1456 coelestia
1141 1405 1254 1481 quam
1273 1394 1345 1454 ter·

262 1509 408 1599 restria,
442 1523 514 1582 tam
543 1530 810 1605 superaquam
838 1506 953 1580 infera
980 1503 1157 1604 originem
1183 1519 1345 1578 traxere:

263 1629 335 1728 jam
368 1655 388 1700 a
412 1629 593 1726 principiis
616 1625 684 1700 illis
707 1624 956 1702 descendimus
984 1629 1023 1701 in
1055 1641 1206 1702 naturae
1232 1625 1347 1702 offici-

264 1774 368 1840 nam,
401 1761 446 1822 ut
480 1773 684 1834 noscamus,
721 1747 901 1848 quomodo
931 1774 977 1823 ex
1008 1748 1076 1821 illis
1100 1747 1249 1822 formata
1277 1749 1350 1822 sint

265 1869 398 1960 omnia,
416 1883 630 1943 moveantur
641 1883 677 1944 et
687 1883 921 1970 generentur.
972 1869 1015 1942 In
1029 1897 1103 1971 qua
1115 1869 1350 1968 explicatione

158 2027 162 2036 ·
263 2013 389 2078 nemo,
420 1989 555 2087 opinor,
582 1988 743 2092 physices
768 2003 931 2066 veterum
959 2016 1033 2062 non
1058 1989 1176 2082 rudis,
1199 1987 1349 2062 mirabi-

265 2127 352 2204 tur,
379 2111 408 2184 si
435 2109 613 2211 mmedam
634 2125 823 2186 occumant
844 2111 953 2186 initiis
973 2137 1047 2184 non
1065 2109 1173 2209 plane
1195 2137 1349 2211 congru·

266 2235 383 2328 entia,
416 2231 515 2335 quud
545 2231 692 2334 quidem
724 2233 851 2326 aetati,
881 2259 953 2334 qua
977 2231 1070 2310 risit
1094 2231 1348 2329 Empedocles,

267 2355 370 2430 facile
413 2353 705 2430 condonandum.
760 2353 888 2428 Mundi
931 2357 1043 2455 igitur
1083 2352 1349 2427 fabricationem

266 2480 374 2554 talem
402 2479 478 2554 fere
504 2480 544 2550 in
575 2479 732 2550 carmine
766 2475 1003 2552 adumbravit.

317 2602 468 2694 »Quum
489 2599 699 2674 discessione
725 2601 833 2690 facta,
856 2599 1032 2674 elementa
1050 2623 1160 2673 suum
1176 2596 1349 2698 quodque

269 2722 389 2794 locum
422 2733 669 2820 occupassent,
699 2721 841 2794 inimica
873 2717 1050 2793 distabant
1078 2745 1156 2792 ase
1179 2717 1348 2804 invicem,

268 2839 334 2913 alia
357 2865 521 2931 sursum,
550 2839 615 2912 alia
641 2839 809 2914 deorsum
832 2853 927 2930 acta3
955 2865 1022 2912 nee
1044 2841 1162 2940 gravia
1190 2864 1277 2912 cum
1298 2837 1349 2910 le·

268 2959 377 3036 vibus
396 2985 464 3032 nec
483 2959 600 3033 mollia
624 2985 710 3032 cum
733 2959 834 3033 duris
857 2959 976 3034 ullum
998 2959 1152 3033 babeant
1174 2984 1349 3032 commer-

267 3083 367 3156 cium
385 3093 415 3152 ¹.
465 3079 521 3152 Sic
547 3093 690 3170 autem,
711 3079 830 3157 divisis
855 3079 1083 3172 factionibus,
1099 3092 1226 3178 suopte
1248 3091 1349 3152 motu

268 3205 308 3275 in
329 3227 458 3303 gyrum
476 3197 588 3300 (δίνην)
605 3199 938 3300 circumagebantur
954 3213 986 3274 ².
1036 3200 1150 3274 Fatali
1166 3225 1252 3276 vero
1266 3215 1351 3272 tem·

268 3347 356 3422 pore
386 3323 529 3396 recessit
558 3321 742 3420 paullatim
778 3321 971 3418 Discordia,
1006 3323 1153 3398 intravit
1187 3319 1350 3394 Amicitia

270 3441 506 3542 mediumque
522 3441 616 3517 orbis
630 3443 835 3543 occupavit;
849 3471 923 3546 qno
939 3445 1045 3521 latius
1062 3445 1149 3520 baec
1160 3443 1235 3516 vim
1248 3429 1349 3516 suam

269 3563 496 3650 extenderet,
531 3591 573 3640 eo
607 3564 747 3665 longius
777 3565 835 3639 illa
869 3565 1011 3638 recessit
1036 3579 1073 3639 et
1107 3569 1146 3638 in
1174 3577 1350 3639 extremas

270 3686 415 3761 tandem
449 3685 542 3760 orbis
571 3711 649 3759 oras
680 3687 823 3784 refugit.
881 3686 986 3779 Quae
1022 3685 1199 3761 Discordia
1234 3683 1350 3759 adhuc

305 3967 345 4026 (ι)
362 3965 420 4014 vid.
440 3965 543 4032 Erupcd.
564 3983 610 4016 vu.
627 3963 720 4026 66-7s;
741 3963 772 4014 el.
792 3971 958 4016 commentar.
982 3981 1007 4032 p.
1033 3965 1086 4016 188.

305 4053 347 4114 (a)
365 4050 435 4103 ldem
459 4068 495 4102 rs.
518 4056 570 4104 168.
