2950 4822
585 341 757 392 orsurus.
817 345 820 360 ·
1240 329 1279 391 91

86 509 130 583 35.
141 509 200 582 cite
223 521 339 582 morte
363 509 457 584 lumi
481 511 591 584 instar
615 509 770 584 absumti
795 511 955 603 avolant,
1177 515 1284 610 (cuit,

142 643 277 720 tentum
296 627 470 705 habentes
486 644 713 731 perspectum
731 646 913 734 quamum
929 634 1063 734 cuique
1085 637 1224 736 assequi
1243 633 1284 708 li-
1305 675 1306 678 ¹

139 751 307 826 inomnes
317 777 355 826 se
366 767 484 852 partes
494 768 686 850 versantem
700 756 913 830 universum
924 781 1009 832 vero
1019 783 1056 832 se
1068 761 1285 858 perspexisse

139 871 265 946 lrustru
287 867 371 974 quis
393 873 576 974 glorietur:
602 901 670 950 neo
691 877 772 952 visu
792 874 882 950 illud
907 877 1046 951 mortali
1069 905 1137 954 nee
1159 877 1286 954 auditu

46 1065 51 1080 ,
138 1019 201 1067 nee
219 995 407 1071 intellectu
426 997 816 1097 comprehendendum.
857 999 916 1072 Tu
937 1024 1031 1100 ergo,
1048 999 1122 1076 huo
1138 999 1285 1094 deletus,

85 1117 320 1216 lnougnosoes
344 1143 419 1192 non
445 1119 539 1194 ultra
565 1115 676 1221 quam
700 1119 858 1195 humana
885 1125 972 1196 ratio
998 1123 1122 1224 tendit.

135 1608 210 1698 Ast,
234 1633 256 1678 ο
281 1605 346 1700 ut,
371 1609 533 1682 furorem
556 1610 707 1684 istorum
731 1638 751 1682 a
776 1608 902 1709 lingue
926 1595 1044 1682 arcete
1067 1633 1163 1700 mea,
1198 1609 1203 1621 '

135 1741 169 1802 et
190 1739 311 1806 saneto
335 1753 382 1803 ex
405 1755 467 1805 ore
491 1755 629 1832 purum
654 1729 820 1804 deducite
844 1726 1001 1804 flumen!
1117 1727 1121 1738 '

134 1844 275 1949 Teque,
300 1849 403 1927 Musa
429 1878 588 1946 memor,
612 1849 761 1925 candide
789 1851 909 1952 virgo,

133 1995 279 2070 precor,
302 1989 485 2075 quantum
508 1974 562 2048 las
586 1977 631 2047 sit
654 1972 885 2067 mortalibus,
909 1999 956 2050 ex
980 1987 1016 2049 te
1043 1973 1177 2048 audire.

79 2089 123 2184 li.
136 2091 230 2193 Age,
254 2095 349 2172 vebo
373 2095 462 2171 mihi
487 2096 615 2198 agilem
639 2093 817 2194 religionis
844 2099 1016 2170 currum!

132 2365 251 2442 neque
272 2355 309 2417 te
329 2357 535 2444 corrumpet
557 2341 691 2443 cupido
710 2343 834 2422 iamosi
854 2341 958 2418 flores
978 2341 1123 2418 honoris

132 2490 151 2535 a
174 2463 382 2540 mortalibus
405 2465 593 2567 carpendi,
612 2491 688 2567 qno
705 2464 810 2565 plura
830 2493 942 2568 quam
964 2467 1017 2540 fas
1039 2467 1084 2540 sit
1105 2465 1283 2538 enunties.

134 2957 287 3064 Sedage,
296 2973 479 3063 quantum
489 2977 587 3062 potes
598 2961 1285 3064 oeme,quaquidquemanifesrumsit‚·

78 3072 214 3177 iones,
238 3085 269 3158 si
291 3085 374 3162 risu
397 3083 533 3179 velens,
556 3082 645 3158 huie
667 3086 778 3184 magis
799 3083 904 3159 erede
928 3109 1040 3184 quom
1064 3083 1225 3176 auditui,

136 3229 202 3281 nec
225 3204 368 3282 auditui
391 3204 517 3282 obtuso
541 3207 653 3308 magis
675 3232 788 3309 quarn
810 3203 956 3306 linguae
982 3203 1286 3305 perceptionibus,

136 3353 202 3404 nee
223 3327 291 3404 ulli
315 3327 539 3430 reliquorum
563 3326 795 3430 eognosoendi
819 3325 982 3400 riarum:
1033 3324 1086 3424 (se
1107 3339 1286 3426 apparent.
1351 3377 1353 3386 ·

135 3473 308 3526 sensnum
322 3448 431 3524 fidem
447 3447 601 3546 declina,
616 3447 797 3525 considera
813 3471 898 3524 vero
914 3443 1025 3548 quale
1040 3445 1205 3548 quidque
1222 3467 1288 3547 per

550 3649 796 3680 m

79 3789 126 3840 nl-
141 3789 270 3863 subjungit
289 3795 382 3850 Sextus
396 3795 495 3875 Rupit.
510 3795 529 3848 l.
544 3793 564 3846 l.
581 3795 642 3859 vn,
665 3793 718 3856 ssi„
752 3790 796 3843 Vr.
817 3789 851 3853 bb
870 3807 909 3862 sq.
929 3787 1004 3859 μήδε
1026 3789 1056 3842 αἱ
1075 3782 1105 3856 y'
1122 3815 1159 3830 -
1181 3791 1288 3857 rimu,

77 3879 377 3942 incurreremus
399 3886 463 3940 eius
485 3883 604 3940 Clemens
626 3883 666 3937 Al
688 3883 782 3936 Sim·
805 3881 840 3945 Vs
860 3897 887 3951 P·
909 3879 959 3947 57⁶
979 3885 1008 3934 Α·
1041 3881 1082 3932 ν’·
1102 3881 1136 3943 48
1154 3883 1204 3934 ¹¹8⁸
1222 3877 1290 3936 vtes

79 3971 108 4040 u,
125 3973 180 4026 art·
212 3974 321 4031 Proetus
342 3977 369 4030 in
389 3975 455 4032 um.
470 3991 497 4046 p.
519 3973 580 4038 1063
600 3969 755 4030 Pluterobue
776 3969 809 4024 de
835 3969 912 4025 Amic.
939 3969 1014 4024 mult.
1036 3987 1060 4039 p.
1087 3969 1133 4040 9³⁵
1159 3972 1217 4026 Vol.
1236 3975 1291 4036 VI,

79 4077 97 4130 p.
117 4062 167 4128 itt.
641 4068 645 4077 '
