3006 4830
537 411 571 458 rr
596 409 847 460 auennocrurr.
1171 399 1227 464 181

30 583 32 674 2
151 582 282 654 carrara
315 585 510 656 τυγχάνοντι,
544 589 614 658 πῦρ,
651 584 736 660 ὕδωρ,
770 585 837 660 bis,
869 587 915 660 γῆ.
943 584 977 646 lrr
1005 587 1110 646 reis-err
1136 590 1192 662 ylio
1218 590 1234 656 ἦ

30 679 32 704 ¹
151 691 257 759 75⁹th
292 695 348 748 τῢν
381 691 534 762 γινομένων.
591 683 637 745 ab
665 683 711 746 his
737 683 950 767 Empedoclem
976 696 1148 746 mutuatum
1172 707 1233 748 ease

150 784 309 848 arbitratur
346 785 503 862 Clemens;
548 787 638 850 oredo
677 790 797 872 potius,
835 788 890 850 hoa
926 787 966 850 ab
998 789 1065 851 illo.
1120 789 1232 856 Eodem

30 911 32 950 1
150 889 241 952 modo
275 893 431 952 Lucretius
464 891 618 954 interdum
651 893 767 956 radicas
799 905 888 956 vocat
921 915 1022 955 rerum
1049 895 1233 979 primordia,
1319 921 1322 928 ·

150 1005 184 1054 ut
203 996 239 1056 L.'
257 997 307 1073 11,
332 1017 374 1057 rs.
398 995 468 1058 102.

188 1103 240 1160 Vs.
259 1099 302 1161 56
322 1122 367 1185 sq·
411 1113 501 1180 Zeta,
519 1104 611 1185 Ἤρη.
634 1104 788 1181 Ἀϊδωνεύς,
810 1110 940 1182 Νῆστις.)
980 1107 1017 1168 In
1037 1103 1083 1166 his
1102 1105 1234 1168 Deorum

149 1203 326 1296 nominilrns
346 1207 577 1290 interpretandis
598 1207 729 1270 diversae
746 1212 812 1293 jam
833 1209 907 1270 olim
924 1210 1047 1272 fuerunt
1061 1211 1234 1272 sententiae.

30 1329 31 1408 }
152 1309 239 1387 Quod
260 1321 335 1385 Ζεὺς
351 1313 471 1392 ipoeom
490 1317 640 1374 materiam
661 1312 826 1395 significet,
848 1335 953 1375 omnes
973 1315 1173 1392 conveniunt3
1196 1313 1234 1375 de

151 1413 273 1498 reliquis
292 1435 359 1476 non
378 1417 470 1478 iterur
497 1416 536 1479 ab
555 1417 622 1480 'aliis
634 1417 712 1500 Ἤρη
736 1427 801 1498 ror,
830 1420 973 1496 ’Alleluia
992 1431 1082 1494 lm,
1109 1418 1149 1478 ab
1170 1417 1236 1480 aliis

30 1571 31 1574 ,
153 1529 257 1580 contra
283 1521 357 1600 Ἤρη
386 1533 478 1599 terro,
507 1523 651 1600 ’Ai'lmale
673 1531 723 1586 oie·
741 1524 929 1608 intelligitur.
971 1521 1054 1584 Prior
1074 1521 1236 1605 explicatio

153 1635 194 1684 eat
213 1623 370 1688 Plutarchi
389 1625 426 1686 de
446 1626 528 1708 plac.
548 1627 624 1710 phil.
646 1628 712 1689 1.1.
734 1629 826 1689 altera
848 1629 989 1704 Cornuti,
1016 1627 1140 1703 Lairtii,
1167 1629 1235 1689 Sto·

153 1726 238 1804 basi,
268 1728 467 1812 reliquorum.
517 1732 613 1794 Etiam
643 1733 789 1792 seriorum
816 1733 925 1794 divisae
958 1743 1030 1792 suut
1059 1731 1235 1813 opiniones,

154 1843 188 1894 ut
208 1832 283 1894 disci
304 1843 402 1916 potest
421 1855 437 1895 e
458 1835 594 1898 Fabricio
615 1835 655 1897 ad
676 1839 758 1899 Sext.
780 1839 892 1921 Empir.
914 1859 945 1920 p.
968 1837 1029 1898 620
1046 1838 1084 1913 ll,
1105 1847 1135 1897 et
1154 1837 1237 1919 Soip.

154 1937 255 2020 Aquil.
284 1936 323 2000 de
350 1937 430 2020 plac.
459 1937 568 2021 philos.
598 1942 628 2019 1,
658 1961 691 2024 p.
720 1941 779 2003 143
808 1963 853 2027 sq.
892 1942 1030 2024 Plerique
1057 1961 1125 2002 eam
1145 1941 1239 2002 secuti

155 2053 224 2102 sunt
247 2042 525 2125 interpretationem
554 2045 603 2106 cui
630 2047 729 2130 major
756 2057 890 2108 veterum
914 2057 1075 2106 auctorum
1094 2065 1240 2106 numerus

30 2147 31 2204 1
156 2145 282 2208 larebat.
323 2148 497 2230 Perperam:
528 2171 601 2211 nam
623 2149 695 2211 licet
716 2151 804 2212 multi
823 2161 958 2213 veterum
974 2153 1079 2232 Ἥραν,
1106 2159 1141 2211 ut
1160 2151 1240 2213 ioris

30 2277 31 2336 3
157 2251 214 2313 sire
235 2253 312 2313 coeli
330 2255 508 2336 conjugem,
523 2265 630 2316 umus
644 2259 732 2336 (terr)
749 2255 984 2339 appellaverint,
1001 2255 1039 2316 ab
1056 2255 1120 2314 aliis
1136 2265 1240 2316 tamen

30 2407 32 2442 ,
157 2355 208 2418 illa
235 2356 343 2418 diserte
371 2357 452 2420 licta
480 2370 523 2422 est
551 2367 620 2437 air,
645 2363 747 2438 Ἅιδης
773 2371 857 2422 toro.
899 2360 991 2420 'lestis
1011 2357 1129 2438 Cicero,
1150 2359 1187 2418 11.
1203 2360 1240 2421 11.

30 2449 31 2480 ³
158 2461 195 2537 11,
212 2460 271 2524 26:
295 2463 391 2526 »1ἓο
412 2475 527 2541 autern,
540 2475 575 2526 ut
587 2465 679 2527 Stoici
692 2464 865 2547 disputant,
879 2463 1053 2547 interjectus
1066 2463 1145 2524 inter
1157 2483 1240 2526 mare

30 2605 31 2634 ;
158 2577 187 2628 et
206 2567 344 2646 coelum,
370 2570 387 2630 J
397 2569 544 2630 nnonis
568 2569 693 2630 nomine
713 2577 920 2645 consecrator,
942 2611 950 2628 .
974 2612 981 2628 .
1006 2613 1012 2627 .
1037 2611 1045 2626 .
1069 2567 1240 2628 Terrena

30 2673 31 2676 ’
157 2684 258 2733 autem
287 2671 331 2732 ris
351 2673 449 2734 omnir
470 2683 559 2756 atque
582 2684 690 2734 natura
716 2672 798 2734 Diti
824 2672 903 2754 patri
928 2669 1065 2732 dedicata
1083 2668 1158 2732 est.”
1197 2671 1241 2734 Cf.

30 2811 31 2814 ¹
157 2777 256 2861 intpp.
277 2777 311 2836 in
331 2775 362 2838 h.
383 2777 406 2837 l.
447 2777 576 2862 Utraque
601 2799 672 2860 orgo
693 2775 874 2860 sigirificatio
896 2775 962 2857 pari
982 2775 1089 2838 nititur
1108 2777 1242 2838 auotori-

157 2891 227 2943 tate.
271 2883 414 2958 ’Ailrrrir
436 2903 507 2942 vero
528 2881 703 2964 Empedocli
723 2880 828 2942 nullus
848 2899 909 2942 esse
930 2879 1006 2940 alius
1026 2891 1125 2961 potest
1147 2901 1241 2965 qnam

157 2998 249 3064 torro,
279 3009 372 3071 quam
393 2985 584 3048 tenebrarum
604 2986 759 3068 regionem
779 2997 809 3046 et
829 2984 980 3046 malorum
999 3007 1036 3046 ao
1056 2985 1242 3047 miseriarum

158 3090 282 3152 domum
304 3091 408 3174 fingit,
430 3100 465 3150 ut
480 3090 607 3151 vidimus
623 3085 674 3152 rs,
685 3089 743 3168 20,
763 3089 820 3168 23,
842 3091 899 3166 313
921 3110 992 3172 ergo
1005 3089 1125 3152 Jueorrs'
1143 3090 1243 3152 solum

158 3197 233 3256 airis
253 3217 383 3278 regnum
400 3195 590 3278 relinquitur.
607 3227 648 3240 ·-
665 3201 787 3270 Νῆηις,
807 3193 961 3274 Lympha,
981 3193 1109 3255 ductum
1132 3215 1150 3256 a
1171 3205 1241 3272 eda,

156 3301 231 3378 fluo,
252 3299 421 3362 secundum
439 3310 550 3360 veteres
568 3298 619 3382 (os.
637 3299 716 3360 inira
738 3299 778 3360 ad
797 3319 839 3360 rs.
857 3295 949 3380 212),
972 3295 1054 3358 unde
1073 3297 1195 3360 sortasse
1213 3309 1244 3360 et

107 3395 109 3402 ¹
159 3417 277 3488 Νηρεὺς.
298 3427 369 3466 nam
385 3411 477 3486 reple,
499 3410 593 3485 reple,
615 3404 727 3483 fluidus
749 3401 908 3486 significet.
942 3402 1010 3462 tton
1028 3423 1144 3464 novum
1163 3403 1243 3464 illud

159 3532 273 3572 nomen
302 3511 423 3574 linxisse
446 3509 564 3572 ridetm
579 3508 793 3592 Empedocles:
819 3529 893 3568 nom
913 3516 1021 3584 Νῆπις
1040 3507 1135 3568 fertur
1153 3507 1243 3570 fuisse

159 3613 236 3677 Deae
256 3615 415 3698 cujusdam
434 3635 549 3675 nomen
570 3613 653 3696 apud
669 3614 804 3689 Siculos,
827 3624 899 3674 teste
919 3611 1073 3674 Eustathio
1091 3612 1124 3672 in
1145 3612 1183 3674 lt.
1205 3641 1242 3687 r,

161 3721 306 3802 p·1180‚
328 3721 349 3782 l·
371 3720 425 3782 142
446 3729 495 3788 rol
513 3732 647 3794 Σικελικὴ
669 3725 703 3786 ll
723 3747 787 3796 rer,
807 3724 895 3800 our,
916 3722 1240 3799 teterrimarum.

162 3824 211 3884 sed
230 3825 483 3908 significationem
502 3846 558 3908 pro
579 3846 634 3885 auo
655 3823 776 3886 arbitrio
796 3825 934 3884 mutarit.

202 3931 237 3991 ln
267 3929 451 4014 usurpandis
479 3928 526 3992 his
552 3931 683 3991 Deorum
710 3929 885 3992 nominibus
912 3929 1101 4012 agnoscimus
1126 3948 1242 3993 morem

89 4081 93 4090 .
161 4035 360 4118 Orphicorum
381 4046 410 4096 et
430 4035 706 4119 Pythagoreorum,
726 4035 787 4116 ‚qui
811 4035 945 4098 similiter
965 4035 1096 4096 Deorum
1117 4034 1242 4124 nomina
