3016 4840
266 369 329 430 324
659 380 706 426 ns
730 377 946 426 ursaceus

266 545 580 621 ratiocinabantur}
602 545 787 617 misturam
805 544 902 616 illam
924 542 1051 616 conflat
1073 546 1252 639 Amicitia,
1274 549 1346 624 ‹tis-

266 669 355 767 sipat
377 664 572 760 Discordia3
599 691 683 764 ergo
715 665 781 738 hae
814 664 938 738 amhae
969 679 1013 738 ut
1034 663 1225 742 efficientes
1250 669 1345 744 vires

267 789 326 862 illa
350 804 522 888 tanquam
556 786 703 860 materie
724 787 860 884 priores
883 801 978 862 sunt.
1029 786 1120 860 Hinc
1141 790 1345 888 Empedocli

267 911 439 1007 placuisse
459 905 827 1007 dixerunt,·ivipyerav
847 909 883 1005 (i.
905 935 940 983 e.
962 921 1086 980 mlum
1108 912 1182 984 sive
1202 925 1346 1010 agentes

267 1032 374 1129 vires)
396 1032 550 1129 priorem
570 1057 772 1132 essequam
792 1029 926 1126 δύναμιν
946 1032 984 1130 (i.
1006 1058 1040 1104 e.
1057 1032 1345 1126 potentiamsive

268 1153 469 1251 materiem)
488 1166 547 1223 ⁴1:
585 1181 657 1254 qua
686 1153 821 1228 ratione
850 1157 888 1228 in
919 1155 1106 1232 diversum
1137 1153 1242 1251 plane
1264 1179 1344 1228 sen·

267 1303 346 1348 sum
371 1277 448 1374 ejus
467 1277 591 1374 placita
613 1276 849 1352 detorserunt.

316 1403 410 1498 Ergo
432 1397 508 1490 illa,
536 1425 646 1496 quam
671 1402 839 1495 exposui,
867 1396 1060 1472 Aristotelis
1085 1412 1122 1472 et
1146 1395 1346 1470 Aristoteli-

267 1545 393 1595 corum
416 1518 601 1616 explicatio
625 1517 698 1593 huc
727 1520 805 1594 fere
828 1519 938 1592 redit:
971 1517 1220 1616 Empedoclem
1243 1516 1345 1616 prin·

266 1645 399 1742 cipium
418 1641 581 1713 omnium
598 1642 760 1714 statuisse
777 1641 980 1739 sphaeram,
1000 1657 1043 1714 ut
1062 1655 1211 1714 naturae
1229 1654 1345 1714 mate·

266 1768 355 1838 riem
373 1761 571 1836 inchoatam
593 1777 630 1835 et
648 1762 1051 1855 inertem,diversarum
1072 1764 1205 1836 semina
1221 1787 1345 1834 rerum

267 1883 506 1984 complexam
532 1886 570 1954 in
593 1883 658 1956 hoc
687 1897 808 1957 autem
830 1886 1022 1982 praecipue
1047 1909 1221 1982 peccasse,
1248 1855 1344 1986 qimd

267 2033 385 2082 unum
402 2021 440 2079 et
455 2031 598 2078 concors
616 2003 706 2078 illud
724 2005 848 2096 faciat,
868 2021 906 2078 et
924 2019 1045 2078 tamen
1064 2005 1239 2080 discordes
1255 2035 1346 2109 qraa-

266 2131 382 2204 litates
402 2127 608 2226 formasque
629 2127 663 2198 ei
689 2126 874 2200 attribuat.
920 2127 1082 2201 Eandem
1104 2129 1346 2228 interpretati·

265 2277 371 2326 onem
399 2247 600 2346 complures
629 2249 804 2345 seriorum
836 2248 990 2346 amplexi
1023 2263 1130 2342 sunt,
1160 2250 1345 2348 sphaeram

265 2375 317 2447 nil
336 2372 405 2446 nisi
427 2369 530 2444 chaos
554 2369 847 2466 interpretantes,
867 2384 910 2444 ut
932 2369 1166 2462 Moshemius,
1187 2372 1346 2448 Brucle·

266 2524 347 2588 rus,
377 2493 559 2585 Sturaius,
591 2491 648 2564 alii
661 2501 719 2563 ⁴².
771 2491 933 2565 Profecto
960 2491 1108 2591 quidem
1138 2493 1348 2585 fatendam,

265 2616 453 2716 sphaeram
480 2613 700 2712 principium
722 2639 797 2688 ease
819 2612 920 2688 unde
941 2629 1071 2688 cuncta
1095 2618 1282 2708 exsistant,
1309 2631 1345 2690 et

264 2751 417 2812 eatenus
446 2735 615 2808 materiae
642 2735 761 2810 locum
794 2734 977 2826 obtinere;
1001 2751 1037 2810 at
1059 2735 1155 2810 idem
1177 2751 1230 2810 cst
1257 2763 1345 2837 per-

266 2859 429 2948 fectum,
468 2853 564 2928 idem
601 2858 719 2930 Deus:
756 2859 923 2958 quocirca
961 2857 1193 2956 Empedocles
1231 2857 1345 2958 majus

265 3002 353 3052 sane
379 2975 529 3076 quidet
555 2977 681 3050 celsius
712 2981 919 3077 cogitaverit
937 3005 1050 3078 quam
1079 2977 1175 3052 iners
1203 2980 1345 3078 pondus

265 3099 504 3176 informemve
529 3099 734 3191 materiem,
762 3113 804 3174 ut
826 3099 876 3176 illi
898 3098 1091 3198 appellant.

764 3301 840 3384 ss.

314 3515 370 3588 Ab
396 3515 470 3590 aliis
494 3539 578 3590 vero
601 3539 721 3588 unum
742 3513 942 3614 explicatur
967 3522 1006 3594 τὸ
1027 3520 1208 3612 ποιητικόν,
1231 3519 1343 3596 veluti

297 3705 357 3771 (ίμ)
374 3704 444 3757 Alea.
463 3701 578 3780 Aphrod.
597 3703 625 3756 in
644 3703 721 3758 trist.
741 3702 856 3776 hereph
868 3725 894 3778 p.
906 3709 1152 3775 diletddifflchol.
1168 3713 1242 3766 Arist.
1253 3711 1344 3764 Brand.

266 3813 294 3862 p.
307 3793 355 3846 803
367 3811 390 3857 a;
401 3795 495 3846 ducem
505 3795 585 3846 amnti
597 3794 680 3862 ipsum
695 3793 867 3862 Aristotelem,
877 3799 992 3870 ttetaph.
1003 3801 1051 3860 XI,
1063 3802 1088 3868 6,
1098 3820 1123 3872 p·
1137 3803 1181 3868 74¹
1195 3801 1224 3865 F.
1233 3801 1304 3856 varic
1313 3801 1346 3855 dc

265 3879 315 3932 hoc
327 3881 513 3952 disputantem.

297 3971 496 4038 (holitorium.
514 3971 547 4023 ad
566 3971 714 4026 Cudrrorth.
732 3975 799 4042 Syst.
818 3977 903 4032 lntell
917 3980 945 4031 T.
960 3981 983 4033 Ι.
998 3997 1023 4050 p.
1038 3997 1086 4034 aro
1098 4000 1136 4054 aq.
1169 3981 1292 4038 Bmcker.
1313 3982 1346 4036 ad

266 4058 378 4127 Scipion.
393 4061 474 4129 lquil.
486 4059 518 4113 dc
531 4059 600 4119 Plac.
613 4063 703 4132 philos.
715 4081 739 4134 p.
758 4064 811 4129 ¹45·
846 4069 930 4121 Stura.
944 4069 1050 4140 Emped-
1064 4087 1091 4142 p.
1108 4069 1162 4136 251,
1177 4075 1222 4128 atr
1237 4091 1274 4144 aq.
