2958 4822
508 395 591 444 trra
605 395 659 444 ur
685 394 828 446 sruorrs.
1118 439 1125 458 ,
1161 387 1201 450 3'3

26 525 28 540 Ι
136 561 228 662 gione
240 562 280 632 in
297 573 431 633 terram
445 563 546 660 quasi
565 575 711 636 antrum
727 562 888 662 dejectos,
910 555 974 638 ubi
991 559 1203 665 flagitiorum

137 684 167 753 in
187 683 370 780 superiore
392 679 462 756 vita
487 682 754 756 commissorum
777 709 908 782 poenas
935 685 1091 760 luerent:
1116 685 1204 760 haee

134 817 244 876 autem
271 803 410 900 expiari
433 801 599 875 oensebat
617 803 710 876 vitae
733 805 890 904 puritate
910 801 947 880 et
970 807 1203 899 continentia,

133 922 308 1022 precibus,
320 920 481 1023 jejuniis,
491 924 780 1024 purgationibus,
797 923 931 1026 qubus
947 925 1108 1001 homines
1123 953 1205 1002 soe-

134 1043 239 1148 lernm
264 1042 347 1118 tabe
367 1043 474 1118 soluti
490 1043 636 1120 divinae
653 1061 805 1122 naturae
826 1061 1004 1150 oonsortes
1022 1050 1149 1124 fierent
1168 1063 1206 1124 et

133 1179 378 1262 postmortem
405 1167 443 1238 in
474 1165 625 1242 deorum
653 1183 794 1243 ooetum
820 1181 1100 1244 reverterentur.
1151 1171 1205 1244 Ita

134 1287 308 1388 rogitabat,
333 1290 381 1362 ita
408 1286 584 1364 sentiebat
614 1289 861 1390 Empedocles,
885 1303 930 1362 ut
951 1292 1107 1364 carmina
1129 1290 1207 1391 ejus

134 1422 268 1509 totaque
282 1409 503 1510 philosophia
522 1409 669 1506 indicat,
685 1437 797 1511 quae,
814 1425 857 1485 ut
876 1409 1091 1485 Plutarchus
1106 1410 1206 1507 dicit,
1283 1465 1290 1478 ·

134 1544 198 1604 erat
224 1529 424 1628 φασμάτων
453 1535 510 1608 καὶ
538 1531 645 1629 μύθων
662 1536 733 1629 ’,καὶ
758 1531 1008 1630 δεισιδαιμονίας
1034 1531 1207 1618 ἀνάπλεως

133 1663 163 1722 et
191 1653 295 1750 μάλα
323 1654 593 1758 {deflagrauere
625 1662 692 1750 ⁸⁷3
734 1657 821 1732 haec
854 1655 1099 1732 inflammabat
1130 1657 1208 1758 ejus

134 1777 312 1874 ingenium
335 1779 574 1877 animumque
595 1803 637 1851 eo
661 1779 802 1872 furore,
823 1805 934 1882 quem
957 1777 1106 1853 obsoleta
1133 1778 1207 1878 jam

133 1893 270 1972 deornm
298 1896 422 1998 religio
442 1913 479 1972 et
500 1897 600 1998 vulgi
622 1897 765 1974 fabulae
787 1901 934 2000 gignere
959 1929 1031 1976 non
1054 1899 1208 2001 amplius

133 2034 303 2117 poterant.
362 2021 456 2094 Hine
486 2018 567 2093 illae
599 2019 888 2113 lamentationes,
919 2020 1053 2123 quibus
1085 2021 1208 2096 fatales

134 2138 316 2217 hominum
336 2167 526 2217 aerumnas
543 2167 704 2242 suaeque
719 2143 820 2215 sortis
837 2144 1013 2234 miseriam
1029 2141 1207 2243 deplorat3

134 2259 208 2336 hinc
225 2263 316 2338 item
329 2263 387 2338 illa
403 2265 580 2364 gloriatio,
597 2289 669 2364 qua
691 2289 729 2337 se
746 2263 857 2338 deum
881 2263 1076 2364 praedicat,
1099 2267 1208 2364 quip-

134 2407 173 2479 pe
197 2411 339 2486 quum‚
359 2385 451 2458 elato
476 2385 594 2458 animo
620 2385 751 2470 fretus,
774 2411 852 2458 earn
872 2385 944 2484 jam
968 2385 1120 2484 adeptus
1142 2385 1208 2459 sibi

135 2505 313 2581 rideretur
334 2505 557 2582 divinitatem
580 2527 697 2607 quam*
714 2505 902 2604 expetebat
923 2521 958 2580 et
980 2505 1134 2606 optabat.
1172 2509 1209 2582 Si

135 2624 212 2701 haec
240 2630 439 2728 arrogantia
470 2643 534 2703 aut
560 2625 725 2727 superbia
756 2626 964 2727 appellanda
994 2643 1047 2703 est
1072 2627 1208 2731 (neque

135 2749 220 2822 enim
239 2750 349 2849 plane
368 2749 552 2848 defendo),
574 2763 650 2824 erat
670 2763 765 2823 certe
784 2750 863 2825 talis
880 2753 1095 2852 arrogantia,
1113 2777 1207 2853 quae

135 2891 198 2942 non
224 2897 246 2944 e
272 2898 365 2947 vano
392 2885 550 2960 tumore,
571 2870 634 2945 sed
655 2896 702 2944 ex
727 2870 879 2989 elatioris
905 2873 1016 2945 animi
1035 2873 1208 2947 instinctu

135 3005 166 3062 et
185 2991 384 3067 ardentiore
406 2993 582 3094 religionis
602 3019 711 3068 sensu
733 3009 823 3068 esset
848 2995 1018 3093 prosecta.
1069 2997 1208 3096 Empe-

26 3117 27 3122 ’
135 3110 241 3188 dooles
266 3114 418 3189 ultimus
445 3115 522 3189 fere
550 3115 673 3190 haberi
702 3129 816 3216 potest
840 3115 1039 3214 prisoo'rum
1063 3116 1208 3190 illorum
1272 3113 1273 3118 ’

26 3551 28 3648 t

26 3649 28 3772 l

135 3249 271 3324 ratum,
312 3235 427 3336 qualis
461 3236 643 3337 aliquanto
680 3251 764 3311 ante
797 3237 1043 3335 Epimenides,
1082 3237 1207 3342 quales

135 3357 328 3458 antiquitus
350 3356 517 3457 Orpheus
542 3357 674 3459 aliique
708 3359 817 3432 tuisse
848 3357 1117 3458 praedicantur,
1143 3361 1209 3460 qui

136 3477 233 3553 rudes
250 3494 287 3553 et
303 3479 477 3579 simplices
493 3480 653 3553 homines
666 3479 772 3552 sacris
786 3479 961 3580 institutis
976 3479 1205 3556 carminibus·

134 3622 200 3696 que
216 3599 412 3674 formarent
429 3615 464 3674 et
482 3617 660 3701 regerent:
683 3599 806 3674 similis
822 3601 860 3672 in
879 3599 939 3673 illo
957 3603 1090 3702 ingenii
1106 3603 1207 3702 apiri-

135 3730 197 3810 tns,
216 3721 395 3823 religionis
417 3721 539 3808 ardor,
558 3747 700 3796 morum
722 3719 867 3822 effigies.
901 3721 969 3795 Sed
991 3723 1086 3797 idem
1106 3728 1208 3824 quasi

136 3840 280 3936 prolusit
306 3843 459 3916 lanatioo
485 3843 540 3916 isti
568 3841 857 3941 philosophorum
886 3845 1027 3942 generi,
1058 3848 1123 3946 qui
1153 3845 1208 3918 la*

137 3957 271 4037 hauteur
294 3977 331 4037 et
349 3991 464 4062 paene
484 3968 554 4064 jam
571 3979 781 4064 prostratam
800 3967 986 4041 vetustatis
1002 3965 1208 4068 religionem

164 4105 363 4168 (d7tl’lutarelr.
383 4106 512 4160 desento
529 4105 662 4176 socratp
690 4107 744 4161 580.
780 4109 836 4158 Vol.
854 4110 970 4178 vttt.p
996 4125 1043 4178 asta
1060 4110 1146 4162 uetat.

179 4195 238 4268 Ill.
1062 4201 1082 4270 3
