2958 4822
270 343 307 402 to
657 356 703 400 nn
726 355 940 402 esrnnocnrs
980 374 986 387 ·

265 549 296 594 a.
313 519 361 594 U.
379 519 464 610 305,
483 520 557 592 sire
567 515 708 618 Olymp.
720 517 815 608 82,3.
863 515 1044 590 Vocabnla
1056 532 1177 592 autem
1189 521 1334 614 λίτομαι,

265 639 469 740 {vopisc-ro,
488 638 619 738 ἐγένετο
636 637 727 712 nibil
748 639 939 730 definiunt,
962 652 998 711 et
1020 639 1167 741 intelligi
1186 659 1334 740 posunt

263 779 339 838 tam
358 761 404 836 de
421 788 463 838 ec
483 758 640 860 tempore
657 787 730 862 qun
747 759 977 858 Empedocles
995 761 1033 834 in
1050 762 1162 836 Sicilia
1183 779 1221 838 et
1238 765 1334 841 domi

264 884 503 960 celebritatem
535 883 685 982 adeptus
712 881 774 971 sit,
809 907 920 981 quam
946 882 992 957 de
1019 909 1062 958 eo
1086 912 1160 985 quo
1185 909 1334 988 peregre

189 1101 194 1108 ¹
264 1005 444 1104 profectus
466 1005 506 1076 in
528 1005 674 1078 Graecia
700 1017 737 1078 et
763 1003 988 1078 Athenarum
1009 1003 1092 1079 luce
1115 1007 1332 1085 inclaruerit.

263 1125 403 1200 Homm
422 1139 628 1222 temporum
649 1125 822 1224 posterius
843 1151 863 1196 a
879 1125 1036 1223 Diogene
1053 1126 1237 1225 significari
1254 1123 1335 1224 pro-

264 1245 432 1338 babilius,
451 1273 525 1346 quo
540 1246 634 1342 dipl
649 1243 876 1342 intelligenda
894 1245 940 1318 sit
955 1271 1134 1321 annorum
1153 1259 1190 1320 et
1207 1245 1336 1320 doctri·

264 1391 332 1440 nae
349 1369 534 1442 maturitas
553 1379 609 1442 ²¹.
659 1366 750 1440 Nam
770 1365 927 1442 Glaucus
944 1367 1141 1466 Rhegium,
1158 1366 1335 1465 Empedo-

159 1480 167 1492 ’
264 1488 309 1564 cli
334 1503 447 1562 aetate
473 1489 675 1590 proximus,
707 1486 846 1580 retulit,
874 1502 962 1562 teste
989 1487 1217 1588 Apollodoro,
1250 1514 1335 1563 eum

263 1611 300 1682 in
324 1607 545 1682 Thuriorum
571 1609 750 1684 civitatem
779 1635 902 1684 recens
931 1607 1108 1682 conditam
1136 1609 1338 1708 profectum

264 1753 339 1802 esse
360 1737 424 1820 ²²3
453 1727 581 1801 Thurii
604 1744 727 1804 sutem
757 1731 880 1804 civitas
904 1729 1044 1804 condita
1069 1731 1211 1829 Olymp.
1236 1729 1338 1822 83,4;

265 1875 349 1948 ergo
364 1849 489 1924 eodem
505 1863 666 1948 tempore
682 1878 756 1951 quo
773 1849 931 1948 ἀκμάσαι
946 1851 1201 1952 Empedoclem
1215 1851 1340 1924 stntuit

265 1973 438 2044 Laertius.
489 1971 570 2044 Jam
592 1997 677 2048 vero
699 1973 766 2045 hoc
787 1972 855 2046 iter
877 1975 1069 2070 smcepisse
1090 1969 1341 2071 Empedoclem

266 2105 357 2164 natu
376 2090 449 2188 jam
474 2095 752 2190 provectiorem,
790 2107 980 2192 postquam
1002 2107 1039 2166 et
1061 2095 1100 2165 in
1121 2095 1234 2191 patria
1261 2091 1341 2166 doc·

266 2211 360 2284 uini
389 2213 561 2313 factisque
587 2213 824 2288 celebritatem
847 2195 997 2312 adeptus
1025 2229 1116 2288 esset
1137 2228 1174 2288 et
1199 2215 1342 2287 itineri-

268 2333 336 2408 bus
357 2337 395 2408 in
418 2336 603 2408 Graeciam
625 2335 800 2432 susceptis
815 2335 968 2408 nominis
993 2336 1049 2408 sui
1068 2321 1201 2408 lamam
1220 2349 1342 2408 exten·

267 2458 391 2551 disset,
422 2483 470 2532 ex
499 2456 578 2555 ejus
606 2458 679 2533 vita
714 2454 907 2554 apparebit.
958 2455 1095 2550 Quodsi
1128 2457 1182 2528 bis
1209 2453 1345 2530 indiciis

299 2601 360 2666 (ar)
377 2600 418 2652 Sic
431 2599 459 2650 in
470 2598 573 2652 Eusebii
587 2599 648 2650 cm
665 2597 761 2650 Chrcn.
778 2597 942 2652 Parmenides
958 2599 1100 2652 innotuisse
1110 2599 1204 2669 legitur
1214 2599 1308 2674 ⁰¹·.⁸⁰⁹
1320 2599 1345 2660 4,

268 2705 321 2758 quo
333 2688 388 2740 lere
397 2697 514 2756 tempore
523 2686 567 2736 bic
579 2689 756 2752 sexagenarius
767 2688 876 2740 Athenss
889 2689 967 2742 veuit.
992 2687 1049 2740 vict
1060 2690 1177 2740 Permen.
1190 2687 1245 2741 rell
1258 2705 1284 2757 p.
1295 2691 1320 2738 8.

301 2780 360 2842 (us)
377 2775 527 2845 Apollodori
543 2776 719 2827 testimonium
737 2777 764 2826 in
781 2775 924 2832 chronicis,
942 2785 1074 2829 serratum
1085 2793 1100 2827 a
1112 2777 1226 2845 Diogene
1237 2777 1344 2830 Laertio

271 2867 345 2926 vill,
361 2864 401 2926 5s,
417 2865 443 2916 in
459 2871 571 2916 metrum
587 2863 704 2930 redigere
716 2879 848 2932 eggressus
861 2874 901 2918 est
915 2866 1038 2933 fleynins,
1053 2869 1080 2920 in
1090 2869 1204 2938 Apollod.
1217 2869 1306 2934 fragm
1324 2869 1348 2930 1,

270 2973 294 3024 p.
305 2955 355 3020 l¹l
362 2977 370 3020 ς
388 2955 533 3008 accuratius
544 2955 605 3008 lecit
616 2954 728 3008 Glinton:
737 2955 806 3008 Fsst.
819 2955 918 3008 Hellen.
930 2973 956 3024 p.
965 2955 1005 3018 53.
1016 2957 1041 3021 ὃς
1049 2958 1082 3010 sd
1092 2958 1130 3012 Ol.
1139 2960 1182 3021 84,
1193 2961 1244 3012 its:

441 3037 475 3112 ἦν
494 3045 543 3110 μέν
559 3048 690 3104 Μέτωνος
706 3049 779 3112 υἱὸς,
800 3049 841 3105 εἷς
859 3046 891 3098 δέ
910 3047 1043 3116 Θουρίους

444 3139 529 3191 αὐτὸν
546 3142 645 3191 νευστλ
662 3139 806 3197 παντελῶς
824 3143 997 3203 ἐκτισμένους

442 3233 624 3292 Γλαῦκος...
641 3233 739 3285 έλθεῖν
757 3235 892 3300 φησὶν...

448 3329 474 3378 οἱ
495 3326 522 3380 d’
540 3329 718 3396 ἱστοροῦντος
735 3325 769 3386 ὥς
786 3327 928 3392 πεφευγὼς
945 3327 1060 3378 οἴκοθεν

446 3423 486 3477 εἰς
504 3423 552 3478 τὰς
568 3418 764 3488 Συρακούσας,
782 3417 843 3482 μετ’
861 3421 973 3472 έκελνυν
989 3419 1117 3482 ἐπολέμει

445 3515 511 3580 πρὸς
529 3513 594 3570 τούς
610 3509 801 3580 Ἀθηναίους,
822 3513 921 3569 τελέους
937 3513 1048 3576 ἀγνοεῖν
1065 3513 1125 3572 έμοὶ

446 3607 584 3656 δοκοῦσιν·
601 3609 619 3672 ἢ
635 3609 687 3675 γὰρ
707 3605 756 3656 οὐκ
775 3604 815 3657 ἴτ’
834 3595 879 3672 ἦν,
897 3607 914 3672 ἢ
932 3605 1075 3661 παντελοῦς

447 3699 696 3767 ὑπεργεγηρακώς·
716 3703 785 3769 ὅπερ
806 3699 871 3767 still
887 3703 1026 3760 φαίνεται.

446 3789 643 3860 Ἀριστοτέλης
659 3796 712 3862 γὰρ
731 3793 816 3844 αὐτὸν
836 3789 957 3858 ἑξηκοντ’
976 3792 1052 3854 έτῶν,

448 3882 491 3933 ἓτι
509 3881 539 3934 e‘
556 3879 756 3952 Ἡράκλειτον,
776 3886 841 3950 φησὶ
859 3883 1100 3950 τετελευτηκέναι.

277 3972 372 4025 Eodem
383 3973 450 4026 infra
462 3985 634 4030 revertemur.
660 3977 771 4028 Glaucus
783 3985 870 4028 autem
884 3977 1020 4044 scripserst
1032 3975 1129 4026 librum
1141 3977 1207 4042 περὶ
1220 3979 1351 4039 ποιητῶν,

277 4063 309 4122 ils
321 4079 372 4131 quo
383 4065 484 4116 lonsius
496 4065 528 4117 de
538 4067 635 4134 scripit.
645 4067 710 4119 illst.
722 4066 815 4118 Philus.
828 4066 855 4118 L.
868 4069 887 4128 1,
900 4082 923 4114 c.
938 4067 963 4126 4,
975 4066 998 4125 4.
