2952 4836
273 415 336 478 420
665 433 712 482 nn
735 429 952 478 nrtrnnocnrs

320 593 417 670 Haec
437 597 482 671 de
508 596 638 672 mundi
660 597 774 670 forma
798 595 981 668 universe.
1030 588 1138 682 Quod
1159 601 1284 663 autern
1308 585 1350 657 ad

272 715 402 790 mundi
429 733 544 817 partes
569 719 713 810 attinet,
738 717 869 789 hurum
893 736 1061 814 quaeque
1086 735 1172 783 eum
1197 706 1351 780 obtinuit
1456 797 1457 802 Ἰ

273 837 409 933 locum,
431 865 544 938 quem
564 837 622 914 vel
644 839 716 913 fors
741 837 799 912 vel
823 863 888 910 sua
911 835 1045 932 cuique
1062 845 1191 903 natura
1207 827 1349 900 tribuis·

272 973 335 1033 set
384 963 512 1055 Quum
536 960 633 1033 enim
652 962 743 1061 ignis
767 957 988 1032 elementum
1013 951 1166 1026 sublime
1185 974 1348 1047 erumpe·
1456 957 1457 990 ³

271 1095 343 1174 ret,
379 1097 473 1156 terra
508 1080 674 1156 deorsum
710 1091 890 1178 vergeret,
926 1101 967 1148 eo
1001 1073 1138 1147 factum
1163 1087 1206 1146 ut
1231 1071 1348 1145 aether

269 1225 448 1276 summam
469 1204 544 1280 eive
568 1203 756 1292 extimam,
781 1213 873 1272 terro
884 1209 928 1269 'ct
942 1219 1038 1296 quae
1054 1209 1170 1268 terrae
1185 1207 1347 1294 cognata,

267 1327 329 1396 adr
353 1337 391 1397 et
414 1351 529 1425 aqua,
553 1325 662 1397 imam
686 1323 761 1400 sive
786 1317 939 1393 mediam
964 1317 1218 1414 occupaverint
1244 1341 1346 1388 mun-

269 1441 305 1515 di
330 1443 451 1518 eedem
471 1449 526 1519 ⁸¹.

317 1563 370 1637 Ut
402 1579 534 1641 terram
569 1570 752 1642 immotam
787 1566 826 1636 in
867 1562 984 1636 medio
1021 1563 1179 1638 universi
1214 1561 1347 1635 consis-

268 1699 361 1777 tere,
386 1684 436 1758 ita
461 1687 604 1763 coelum'
626 1688 782 1760 maxima
807 1683 986 1758 celeritate
1010 1684 1204 1782 circumagi
1229 1681 1348 1774 voluit,
1457 1699 1458 1758 t

267 1819 305 1878 et
324 1803 431 1880 celeri
450 1805 515 1881 hac
535 1809 690 1884 motione
713 1805 823 1893 effici,
847 1819 890 1879 ut
911 1819 948 1878 et
969 1819 1063 1878 terra
1085 1806 1185 1877 firma
1209 1817 1348 1878 mancat

268 1941 306 2002 et
324 1927 464 2002 coelum
477 1931 596 2030 ipsum
613 1955 686 2003 non
706 1943 859 2004 corruat.
909 1927 1081 2002 Memorat
1096 1925 1162 1998 hoc
1177 1924 1345 2024 placitum

266 2047 474 2124 Aristoteles
498 2049 619 2125 dicens
638 2056 693 2122 8²:
728 2053 782 2142 τὴν
809 2055 872 2150 γῆν
899 2047 1024 2129 πάντες
1049 2047 1119 2125 ’ὅσοι
1144 2048 1201 2120 τὸν
1225 2047 1346 2143 οὐρανὸν

265 2176 437 2268 γεννῶσιν,
457 2170 514 2249 ἐπὶ
537 2175 577 2250 τὸ
601 2175 704 2269 μέσον
727 2169 888 2249 συνελθεῖν
909 2175 1024 2268 φασίν·
1049 2171 1101 2248 ’ὅτι
1123 2167 1159 2247 tt
1181 2168 1271 2266 μένει
1293 2170 1348 2265 ζη-

265 2287 361 2368 τοῦσι
386 2297 442 2387 τὴν
468 2297 597 2388 cirico,
629 2297 686 2372 m>
708 2299 866 2395 λέγουσιν
889 2301 918 2372 οἱ
941 2301 1002 2392 μὲν
1026 2353 1034 2371 .
1062 2354 1070 2371 .
1097 2353 1105 2370 .
1134 2291 1242 2392 ὥσπερ
1269 2292 1346 2390 Ἐνι-

265 2417 444 2514 πεδικλῆς,
471 2421 527 2510 τὴν
551 2427 609 2494 τοῦ
636 2421 764 2518 ου’ροινοῦ
791 2421 900 2518 φορὰν
924 2417 1039 2518 κύκλῳ
1062 2415 1271 2516 σεριθέουσσυ
1294 2421 1346 2492 xci

267 2541 389 2618 θᾶσσον
406 2543 584 2640 Φερομένην
605 2542 660 2632 τὴν
679 2546 737 2633 τῆς
758 2548 822 2642 γῆς
842 2542 950 2639 φορὴν
968 2545 1119 2634 κωλύειν,
1139 2538 1287 2639 κσιθσὶσερ
1310 2543 1346 2616 τὸ

267 2664 305 2742 ἓν
325 2669 408 2746 τοῖς
423 2663 587 2746 κυάθοις
606 2662 716 2763 ὕδωρ·
734 2667 792 2739 κοιλ
807 2667 877 2766 ’γὰρ
895 2673 1009 2758 τοῦτο,
1021 2669 1133 2764 κύκλῳ
1148 2657 1211 2738 σου
1226 2661 1346 2740 κυάθου

267 2789 467 2885 φερομένου,
487 2784 654 2868 πολλάκις
671 2785 766 2862 κάσιν
783 2797 841 2862 τοῦ
859 2797 998 2890 χιιλκοῦ
1021 2788 1186 2886 γινομενον
1207 2787 1347 2882 (ὅμοιοι)
1458 2791 1459 2802 ’

267 2911 406 3008 Φέρεται
432 2906 545 3002 κάτω,
573 2912 723 3005 πεφυκὸς
747 2909 926 3009 φέρεσθαι,
949 2910 1007 2990 διον
1031 2915 1086 3002 τὴν
1109 2911 1207 3001 coir-ir
1231 2913 1346 2986 αἰτίου.

268 3033 417 3108 Censuit
444 3035 554 3132 igitur
581 3034 747 3108 celeriore
775 3033 864 3107 coeli
891 3037 1110 3110 circumactu
1135 3035 1209 3108 viro
1234 3047 1347 3106 terrae

269 3155 436 3229 deorsum
476 3171 684 3256 vergentem
724 3155 838 3250 vinci,
874 3158 1060 3257 ipsamque
1089 3157 1127 3228 in
1159 3169 1255 3228 statu
1286 3181 1349 3228 suo

270 3279 455 3352 contineri.
505 3278 705 3353 Similitudo
735 3279 848 3354 vasis
877 3303 987 3380 aqua
1015 3277 1175 3376 repleti
1200 3293 1244 3351 et
1268 3280 1349 3350 cir-

269 3423 323 3470 cu
334 3401 483 3492 macti,
510 3425 622 3498 quam
643 3401 848 3478 Aristoteles
871 3401 987 3489 addit,
1013 3400 1235 3500 Empedoclis
1262 3427 1348 3475 con-

267 3519 451 3595 suetudini
476 3519 582 3620 piane
607 3537 843 3597 consentanea
871 3536 925 3596 est
949 3525 1004 3594 ⁸³.
1056 3521 1192 3595 Eadem
1216 3527 1348 3598 ratione

269 3655 384 3714 totum
401 3669 548 3744 quoque
569 3643 750 3718 mundum
769 3647 945 3719 contineri
963 3645 1095 3736 voluit,
1111 3660 1154 3720 ut
1170 3645 1254 3720 alibi
1268 3645 1347 3718 dicit

303 3922 364 3985 (δι)
381 3919 430 3970 vid
447 3937 526 3988 sopra
542 3937 567 3988 p.
585 3919 634 3972 ³³0
652 3937 690 3992 tq.

299 4009 358 4072 tea)
376 4009 480 4060 Aristot.
497 4009 529 4062 de
547 4011 616 4064 Cocl.
633 4013 672 4074 ll,
695 4013 732 4072 13,
751 4029 774 4082 p.
794 4013 843 4068 365
860 4017 909 4078 C..

304 4097 362 4160 (⁸3)
379 4097 472 4150 Similia
488 4101 589 4164 generis
607 4103 812 4172 comparationes
829 4105 952 4168 teguntur
972 4123 1018 4160 ras.
1040 4111 1086 4162 aar
1104 4125 1159 4180 sqq.
1177 4109 1224 4162 3ου
1242 4125 1295 4182 rqq.
