2952 4836
570 379 810 432 ramosarum.
1162 374 1226 439 stc

141 557 178 618 et
200 543 442 644 centrifugam
463 547 603 637 attinet,
624 573 844 650 quamquam
867 575 992 626 earum
1015 553 1146 628 virium
1169 557 1223 630 al-

140 679 217 739 tera
235 663 486 761 contrahendi,
507 665 617 742 altera
639 667 828 768 dissipandi
847 673 921 746 vim
940 672 1084 768 habeat,
1104 690 1223 752 tamen

139 783 209 860 hae
230 787 341 860 unice
361 786 405 860 ad
426 789 608 862 materiem
627 789 825 888 pertinent;
848 791 928 868 illac
949 808 1070 870 contra
1088 810 1161 872 tam
1178 798 1222 871 ad

138 906 265 984 divina
278 935 397 1010 quam
412 907 584 1008 humana,
608 925 682 986 tam
703 911 747 986 ad
771 915 951 988 naturales
972 931 1090 991 motus
1110 945 1222 1020 quam

137 1027 184 1101 ad
204 1025 399 1104 hominurn
421 1029 537 1106 studia
559 1046 597 1106 et
621 1057 736 1108 mores
761 1033 983 1110 referuntur.
1027 1037 1136 1112 Unde
1159 1041 1223 1112 in·-

139 1147 326 1250 telligitur,
344 1151 448 1226 ambo
466 1152 542 1244 illa,
560 1155 625 1228 etsi
645 1155 690 1229 sit
710 1157 802 1230 inter
820 1180 862 1230 ea
882 1155 999 1256 aliqua
1017 1158 1222 1249 similitudo,

139 1269 267 1346 multis
292 1286 412 1350 tamen
435 1273 597 1373 partibus
617 1275 757 1350 distare.

639 1577 734 1662 ςιι.

428 1810 491 1880 De
519 1809 617 1881 casu
640 1821 676 1879 et
700 1808 942 1884 Necessitate.

189 2003 309 2102 Supra
334 2001 489 2079 vidimus
513 1999 787 2100 Empedoclem,
808 2015 852 2074 ut
875 2003 958 2078 alios
983 2003 1223 2106 physicorum,

141 2123 186 2196 ab
207 2122 398 2198 Aristotele
423 2121 684 2222 reprehensum
709 2149 802 2217 esse,
826 2125 924 2224 quod
949 2127 1226 2224 principiissuis

141 2269 215 2320 non
262 2257 343 2344 apte
378 2241 669 2340 sufficienterque
704 2257 847 2318 utatur:
886 2269 971 2318 nam
1006 2269 1226 2344 quamquam

141 2367 345 2440 Amicitiam
366 2379 401 2438 et
419 2361 632 2436 Discordiam
650 2363 754 2436 faciat
776 2377 928 2438 naturae
945 2379 1122 2456 auctores,
1139 2391 1225 2440 eum

143 2501 267 2562 tamen
288 2486 460 2586 pleraque
482 2486 521 2556 in
547 2507 671 2558 rerum
694 2499 823 2559 natura
844 2485 889 2558 ad
907 2487 1091 2560 materiam
1107 2487 1227 2562 refer-

144 2633 199 2702 re,
217 2608 322 2710 quasi
341 2633 406 2707 per
428 2604 690 2684 elementorum
711 2607 907 2680 mixturam
931 2632 987 2680 res
1007 2621 1133 2707 sponte
1154 2609 1226 2682 lor·

144 2746 295 2805 mentur
314 2729 508 2828 variaeque
530 2729 665 2826 figurae
685 2729 866 2802 exsistant
917 2728 1084 2804 Similiter
1104 2728 1228 2827 culpa·

146 2865 209 2925 tur
227 2850 478 2950 Empedocles,
496 2847 594 2949 quod
610 2847 724 2922 multa
744 2875 870 2942 casu,
892 2848 1007 2924 multa
1027 2849 1226 2924 necessi·

146 2986 242 3048 tate
263 2973 340 3046 fieri
359 2970 514 3046 direriit:
537 2968 735 3069 dequibus
757 2969 824 3044 hoc
845 2969 936 3061 loco,
959 2996 1078 3069 quum
1097 2971 1142 3045 de
1165 2997 1227 3045 na·

146 3107 253 3170 turae
279 3092 415 3172 viribus
439 3093 592 3192 agimus,
613 3117 688 3165 non
711 3091 869 3164 alienum
891 3093 959 3166 erit
981 3118 1166 3191 quaerere.

196 3215 305 3310 Quod
324 3214 368 3288 ad
389 3215 573 3288 fortunam
594 3212 680 3287 sive.
694 3237 813 3286 casum
837 3214 980 3305 attinet,
1007 3213 1121 3288 multa
1141 3217 1228 3290 Ern-

148 3337 331 3434 pedoclem
356 3335 503 3412 fortuito
529 3335 619 3410 facta
645 3348 803 3435 putasse,
830 3331 990 3407 indicant
1014 3335 1125 3434 ipsius
1149 3363 1229 3411 ver·

149 3455 210 3552 ba,
235 3459 349 3536 veluti
372 3483 490 3561 quum
515 3457 560 3530 de
585 3456 846 3530 elementorum
871 3455 1025 3530 motione
1051 3455 1136 3530 dicit
1150 3469 1225 3530 1⁴²:

198 3579 285 3656 οὕτω
299 3583 368 3682 γὰρ
386 3579 613 3676 συνέκυρσε
631 3576 704 3654 θέων
720 3579 812 3669 τότε,
828 3573 977 3652 πολλάκι
994 3575 1024 3652 d’
1040 3577 1159 3658 ἄλλως.

152 3718 215 3777 aut
235 3703 280 3778 de
304 3701 549 3778 membrorum
573 3701 685 3799 figura
707 3725 772 3796 per
796 3696 1057 3772 elementorum
1080 3701 1226 3774 mixtio·

151 3845 236 3898 nem
260 3825 366 3899 lacta:

182 4014 259 4081 (alra)
272 4015 379 4085 Enped.
395 4031 444 4068 rra.
465 4016 527 4078 aad,
544 4015 602 4084 ¹9³·
622 4015 677 4068 tra.
697 4015 730 4066 cl.
746 4011 890 4082 Simplicius
907 4007 1014 4078 styra
1036 4011 1067 4075 74
1085 4015 1119 4075 n,
1136 4014 1181 4082 qul
1200 4021 1225 4066 et

153 4101 212 4158 alos
223 4102 286 4158 citat
297 4123 345 4160 m.
359 4105 418 4164 2³6,
436 4103 497 4170 aab,
512 4105 574 4163 alr,
588 4104 647 4170 tit,
663 4105 690 4156 in
703 4095 798 4175 quilius
811 4108 861 4157 τοῦ
876 4104 1009 4172 τυχόντος
1022 4099 1095 4155 notio
1106 4102 1179 4156 inest.
