3016 4840
553 393 790 441 annosorum.
1144 383 1205 445 ³51

135 556 386 658 Empedoclem
425 581 543 630 unum
583 571 699 632 essent
738 557 876 631 omnia'’
915 569 999 653 ¹²¹3
1039 562 1210 655 vicissim,

135 681 214 756 addi
238 692 369 780 potest,
388 675 419 750 si
442 703 515 751 non
536 679 666 752 inesset
688 679 867 773 Amicitia,
892 679 1054 781 dissipata
1077 699 1207 759 cuncta

134 807 261 878 forent.
311 799 440 900 Neque
468 798 585 874 solum
613 801 652 874 in
681 799 865 876 formanda
893 802 1041 902 sphaera
1065 819 1102 879 ct
1128 804 1206 882 ele-

134 927 276 1017 mentis,
313 922 374 998 scd
400 948 505 1021 porro
533 925 640 996 etiam
671 923 710 994 in
743 921 809 996 hoc
839 923 976 998 mundo
1008 951 1206 1028 rerumque

134 1065 261 1122 natura
287 1047 480 1146 utriusque
506 1045 560 1118 vis
585 1058 740 1144 apparet.
790 1047 951 1120 Amicitia
972 1047 1096 1123 similia
1114 1076 1207 1123 con-

134 1172 237 1261 tinet,
266 1168 404 1245 dirersa
430 1168 524 1239 inter
546 1191 583 1239 se
606 1167 729 1240 miscet
753 1179 790 1248 et
812 1180 1002 1266 temperat,
1029 1169 1208 1244 Discordia

134 1292 251 1364 omnia
286 1317 307 1363 a
338 1314 375 1363 se
404 1291 557 1366 invicem
586 1287 722 1364 divellit
753 1303 791 1361 et
823 1287 867 1362 ad
903 1317 1011 1364 suum
1038 1291 1211 1393 quodque

134 1411 350 1512 principium
377 1413 469 1511 rapit
493 1410 553 1510 (*).
604 1409 790 1504 Quomodo
817 1412 880 1485 ista
909 1414 1011 1506 fiant,
1042 1416 1211 1506 inferius,

134 1530 198 1606 nbi
220 1533 266 1606 de
289 1559 412 1608 rerum
434 1547 565 1608 natura
587 1558 751 1632 agemus,
772 1533 1006 1633 explicabitur
1022 1547 1102 1609 ¹²².
1152 1539 1210 1611 Ex

134 1651 296 1730 hisvero
323 1667 489 1754 apparet,
516 1656 685 1730 universe
710 1649 889 1755 propriam
917 1659 1109 1758 utriusque
1134 1660 1210 1735 vim

133 1779 170 1848 in
197 1775 266 1850 hoc
291 1778 407 1868 cerni,
430 1789 474 1850 ut
501 1777 663 1850 Amicitia
691 1791 878 1874 componat
905 1778 1098 1868 elementa,
1123 1778 1211 1853 Dis·

134 1897 248 1972 cordia
268 1896 424 1973 dirimat.
473 1898 693 1972 Confirmant
712 1895 781 1970 hoc
800 1898 965 2001 plerique
982 1901 1208 2000 interpretes:
1277 1993 1278 2003 ἵ

132 2019 335 2094 secundum
344 2019 567 2094 Ar'mtntelem
578 2021 687 2097 altera
702 2035 754 2094 est
766 2021 970 2120 συγκρίσεως
977 2022 1085 2118 μόνον,
1097 2022 1206 2096 altera

101 2239 106 2252 ‚
134 2138 316 2250 tantona
341 2140 539 2238 darom&
570 2171 655 2220 curn
683 2171 756 2246 quo
782 2145 960 2238 Plotinus,
988 2143 1206 2243 Simplicius,

132 2263 354 2364 Philoponus
389 2267 521 2368 aliique
553 2267 752 2342 concinunt
786 2277 866 2340 124,
924 2265 1059 2339 Eodem
1097 2289 1205 2339 sensu

132 2385 291 2463 Amicitia
307 2391 399 2466 alric
412 2387 620 2488 συναγωγάς,
639 2389 815 2464 Discordia
833 2390 926 2464 clrior
944 2386 1128 2479 dretvrresl,
1147 2387 1205 2460 illa

164 2569 236 2639 (rar)
254 2573 357 2626 Aristot.
377 2573 492 2642 Metaph.
509 2571 546 2632 ll,
563 2571 588 2631 d.
606 2587 631 2638 p.
648 2569 697 2620 662
710 2569 749 2620 D:
777 2571 804 2622 al
821 2573 873 2642 yde
891 2575 928 2640 μὴ
943 2573 1005 2640 ἐνῆν
1017 2573 1049 2623 τὸ
1068 2580 1158 2631 νεῖκος
1178 2575 1207 2624 is

131 2663 186 2723 τὸτς
202 2665 378 2733 πράγμασνν,
397 2663 426 2718 i's
442 2667 477 2718 ds
493 2653 527 2730 ἢν
544 2664 673 2724 ἅπαντα,
692 2659 726 2720 ὃς
740 2679 830 2731 φησιν.
863 2665 915 2718 Pro
931 2667 993 2733 ἐνῆν
1011 2665 1086 2732 vulgo
1106 2663 1136 2717 ἲν
1154 2655 1204 2732 ἦν,

130 2753 196 2823 qnod
213 2753 365 2824 jamplures
382 2771 531 2816 correxere3
551 2751 630 2806 seth.
649 2753 688 2806 ed.
710 2744 754 2821 ἦν.
772 2755 811 2806 Cf·
828 2753 967 2824 Philopoo.
983 2757 1009 2806 in
1026 2757 1204 2825 Metaph.1ss‚

131 2841 147 2892 s.
160 2860 188 2895 ro
199 2845 225 2895 B:
238 2843 282 2894 -st
294 2843 363 2895 enim
372 2859 425 2895 non
434 2851 492 2896 erat
501 2844 597 2912 (Rixa),
609 2859 690 2895 unum
701 2853 777 2896 erant
788 2846 873 2896 omnia
885 2853 912 2896 et
924 2861 1065 2914 numquam
1076 2845 1202 2898 elementa

130 2931 320 2998 gignerentur?

159 3021 193 3092 (⁴¹)
208 3023 295 3076 liitter
308 3023 335 3074 in
348 3023 396 3075 Lit.
412 3021 482 3074 snat
493 3021 567 3075 Wolf.
584 3023 602 3075 l.
619 3022 638 3076 Ι.
649 3039 674 3094 p.
692 3021 740 3086 ida
753 3023 825 3082 volt,
845 3039 878 3076 ex
893 3021 1053 3092 Empedoclis
1073 3024 1200 3077 sententia
1271 3083 1273 3090 .

130 3115 260 3167 Amicitiae
279 3121 307 3167 et
325 3113 473 3166 Discordiae
493 3129 550 3166 esna
572 3113 624 3166 rim
642 3129 704 3175 esse,
726 3121 756 3164 nt
774 3112 817 3164 illa
833 3113 923 3180 jungat
942 3112 1061 3180 disparia,
1072 3112 1202 3167 discernat

130 3203 226 3272 similia,
242 3201 352 3256 -haec
366 3203 478 3274 disparia
494 3213 619 3261 secernat.
636 3211 774 3272 componat
786 3201 883 3254 similia.
911 3200 1005 3252 Parum
1021 3209 1101 3254 rectes
1111 3201 1201 3256 redar-

129 3303 208 3358 guunt
226 3295 277 3346 hoc
295 3294 374 3364 ipsios
390 3293 549 3364 Empedoclis
570 3309 658 3346 versus
682 3291 731 3345 326
746 3309 803 3362 sqq.
824 3291 862 3344 Ad
880 3291 1012 3346 Amicitiae
1026 3309 1132 3365 quoque
1150 3295 1202 3347 rim

132 3383 240 3436 refertur
263 3385 344 3442 illude
363 3389 397 3439 τὸ
419 3389 514 3451 ὅμοιον
535 3386 631 3451 luctor
650 3387 791 3447 ἐφίεσθαι,
809 3383 842 3436 de
860 3399 913 3453 qno
934 3381 1030 3452 placito
1049 3383 1204 3438 disseremus

132 3471 284 3540 inira§18.

163 3563 231 3635 (ras)
248 3567 307 3622 vid.
323 3568 390 3620 inira
411 3572 424 3633 6
443 3585 480 3621 aa.

164 3657 232 3728 (aad)
249 3658 397 3711 Aristoteles
409 3658 442 3712 de
457 3659 548 3712 Gener.
565 3665 592 3712 et
605 3659 679 3712 (iore.
688 3660 724 3722 li,
733 3657 756 3710 6.
764 3673 792 3727 p.
800 3655 851 3720 dolp
861 3657 889 3709 G.
902 3655 991 3708 Cicero
1000 3655 1070 3708 Inel-
1083 3671 1108 3719 7²
1117 3655 1204 3722 »Agri-

133 3748 262 3811 gentinum
281 3747 487 3818 (Empedoclen)
500 3785 558 3802 ....
571 3749 741 3802 vaticinatum
757 3748 858 3818 ferunt,
871 3763 938 3817 quae
956 3747 983 3796 in
1000 3761 1089 3798 rernm
1109 3752 1201 3796 natura

133 3843 238 3909 totoque
267 3840 365 3893 mundo
391 3847 540 3893 constarent
568 3855 687 3911 quaeque
708 3844 888 3896 moverentur,
912 3853 942 3888 ea
970 3831 1202 3887 contrahere

135 3927 285 3993 Amicitiam,
304 3930 494 4000 dissipare
512 3927 698 3981 Discordiam.”

164 4015 230 4088 (rai)
246 4019 361 4073 Plotinae
378 4019 490 4074 Ennead.
502 4020 535 4084 V,
549 4035 570 4081 r,
583 4035 607 4087 9.
631 4016 812 4088 ratisponae
823 4018 916 4072 Gener·
927 4023 955 4071 et
967 4016 1039 4069 Gorr.
1058 4019 1080 4080 i,
1094 4015 1111 4068 l.
1131 4033 1163 4086 29
1177 4019 1204 4071 B.

137 4105 241 4178 Simplic.
264 4108 343 4178 Phys.
365 4111 439 4172 vm,
457 4109 474 4163 s.
491 4109 539 4163 ³10
557 4113 584 4161 A.
602 4109 635 4160 nl.
