2958 4822
512 371 597 420 vira
620 371 666 422 nr
687 369 831 421 arunas.
1007 345 1010 352 ’
1184 359 1205 420 7

134 537 217 612 clem
238 533 498 635 philosophum
517 535 674 611 eundern
697 551 733 610 et
755 538 937 638 Olympiae
957 539 1126 612 victorem
1152 539 1206 612 le·

133 660 225 734 cose.
279 655 412 733 Addita
433 683 578 756 guoque
596 663 765 752 numan,
787 684 882 760 quoe
903 660 956 735 roi
972 657 1127 758 aliquem
1146 681 1204 734 ve·

134 779 241 852 ritatis
262 777 419 853 colorem
447 776 572 852 afferre
590 779 748 858 uidetur.
799 780 890 858 Nam
913 781 1104 880 Diogenes,
1125 803 1206 852 ruerAE

135 899 271 975 morati
305 925 329 972 e
359 900 483 1000 Satyro
506 897 570 973 ‘illi
590 901 811 1000 Empedoclis
833 902 997 992 rictoril,
1028 899 1144 975 addit:
1168 900 1206 973 in

136 1020 329 1098 Phanorini
350 1044 388 1093 ae
408 1021 666 1100 commentariis
689 1025 871 1122 reperisse,
898 1048 983 1099 aum
1010 1021 1059 1096 ibi
1083 1021 1208 1098 civito·

138 1142 229 1216 tium
255 1140 378 1239 legatis
398 1139 540 1240 publice
560 1140 605 1214 ad
625 1141 727 1219 ludos
748 1145 860 1218 missis
880 1144 962 1242 (raia
984 1142 1116 1243 θεωροῖς)
1135 1141 1206 1214 lin·

138 1260 290 1342 motasse.
309 1252 439 1338 hovem
464 1287 485 1336 e
507 1261 613 1340 melle
634 1277 670 1340 et
685 1265 806 1338 *farina
833 1266 981 1340 fectum.
1030 1261 1210 1361 Simplices

139 1380 356 1479 sanedapes!
386 1380 612 1480 splendidius
625 1385 844 1462 eumsecisse
859 1399 979 1462 nutat
990 1383 1210 1472 Athenaeus,
1295 1455 1299 1460 .

137 1503 186 1574 ita
207 1500 380 1578 scribens·
410 1500 663 1600 »Empedocles
675 1505 929 1606 Agrigentinus
944 1530 1055 1582 curru
1071 1501 1212 1601 (irrora)

137 1621 324 1722 Olympiae
335 1626 465 1715 victor,
482 1635 526 1698 ut
542 1623 793 1725 Pydragorious
809 1625 855 1704 ab
874 1626 1083 1702 animalium
1104 1651 1212 1700 cerne

138 1741 338 1836 abstinens,
348 1743 569 1843 emyrrha,
591 1759 695 1838 ture,
715 1760 751 1820 et
772 1748 1025 1847 pretiosissimis
1047 1747 1213 1822 aromati·

138 1863 205 1938 bars
228 1864 359 1944 bovem
387 1865 511 1938 lictum
532 1865 792 1966 gratulantibus
818 1866 1073 1968 spaatamrtbua
1094 1866 1213 1940 distri·

138 1983 217 2070 hm't
237 1983 338 2066 ¹⁵.'',
365 1985 455 2059 Inde
478 1987 665 2080 nonnulli,
686 1989 792 2065 nimis
809 1989 850 2062 in
866 1986 933 2064 hoo
948 1984 1105 2080 creduli,
1126 1983 1214 2060 effe-

139 2121 290 2200 cerunt,
322 2107 447 2190 ⁴ambos
478 2122 526 2180 et
547 2135 658 2186 avum
687 2124 724 2184 et
756 2123 922 2213 nepotem
956 2107 1216 2210 Olympionicas

140 2227 266 2320 fuisse,
286 2228 440 2310 alterum
457 2229 624 2322 celete,
643 2245 686 2304 ut
701 2233 863 2332 Satyrus,
880 2230 1035 2306 alterum
1059 2253 1216 2316 curru,

142 2361 185 2418 ut
202 2348 411 2428 Athenaeus
432 2349 551 2428 scribit
571 2353 625 2424 ²⁶.
676 2353 723 2427 At
741 2351 891 2430 eandem
906 2375 984 2430 rem
1001 2349 1047 2425 ab
1063 2362 1218 2444 utroque

142 2471 328 2567 scriptore,
344 2471 409 2542 ctai
420 2469 558 2545 diuerso
568 2471 693 2564 modo,
707 2471 850 2561 referri,
866 2483 938 2544 tota
955 2469 1110 2542 narratio
1122 2465 1219 2538 indi-

143 2605 215 2682 cat3
237 2603 421 2687 praeterea
437 2592 467 2663 ai
481 2591 640 2666 diversae
659 2594 811 2686 fuissent
826 2590 906 2664 illae
921 2591 1103 2682 victoriae,
1114 2601 1220 2661 utra-
1271 2639 1274 2648 .

143 2736 217 2808 que
231 2711 270 2781 in
283 2709 610 2810 Olympionicarum
632 2713 795 2812 catalogis
815 2725 1008 2786 memorata
1026 2709 1170 2799 fuisoet,
1182 2708 1220 2778 in

143 2831 281 2930 quibua
307 2845 427 2907 tamen
454 2833 564 2906 unius
585 2848 728 2908 tantum
753 2833 976 2933 Empedoclis
1000 2832 1133 2906 mentio
1154 2841 1218 2904 est.

144 2953 244 3026 Utris
276 2953 385 3050 igitur
416 2955 532 3052 potius
566 2953 714 3041 testibus
748 2955 992 3046 credendum,
1025 2951 1222 3041 Aristoteli,

148 3173 317 3236 reportasset,
326 3167 394 3218 sicut
402 3167 528 3220 intellexit
538 3168 614 3234 Bayle
623 3144 649 3218 iri
659 3184 685 3222 r.
694 3166 845 3234 Empedoola
855 3183 880 3220 n.
890 3169 918 3218 Α.
925 3159 986 3218 'Sed
995 3165 1118 3236 deeeptus
1128 3173 1180 3229 ost,
1194 3173 1224 3215 ut

149 3257 270 3308 attentius
280 3255 373 3322 legenti
385 3255 458 3308 troile
471 3256 620 3327 apparebit,
635 3275 717 3328 quum
727 3259 851 3323 Diogenes
860 3255 919 3319 hic,
936 3256 1024 3308 rotatio
1032 3256 1142 3307 oliorum
1153 3255 1225 3306 teati-

151 3345 250 3408 moniia,
264 3344 353 3397 denno
364 3345 512 3416 Apollodori
524 3349 699 3405 testimonium
710 3349 743 3402 de
754 3345 914 3416 Empedoclis
927 3361 1020 3413 genere
1031 3343 1162 3412 adjungat.

179 3434 230 3497 (ιδ)
247 3435 394 3494 Athenaeus
402 3435 430 3485 l..
439 3437 461 3496 1,
472 3452 494 3486 c.
506 3435 528 3488 3.
540 3454 558 3506 p
579 3437 634 3490 sn.
652 3437 725 3493 Idem
735 3435 832 3488 factum
842 3443 873 3488 ut
883 3434 1067 3504 Pythagoricae
1077 3431 1225 3502 dnotptinae

153 3525 270 3576 iodicium
290 3531 419 3576 memorat
436 3523 604 3578 Philostratus
620 3527 666 3581 rit.
684 3525 800 3598 Apollon.
812 3527 833 3588 i,
854 3542 878 3576 o.
899 3541 919 3586 1,
932 3541 957 3594 p.
970 3523 997 3584 3,
1018 3521 1051 3574 de
1072 3520 1227 3590 Empedoole

153 3617 267 3686 loquens·-
283 3619 330 3667 καὶ
343 3616 357 3667 ὁ
370 3619 400 3668 ἐν
410 3612 551 3686 Ὀλυμπίᾳ
563 3621 644 3684 βοῦς,
661 3619 691 3671 ὃν
706 3619 818 3684 λέγεται
829 3617 926 3682 πέμμα
938 3615 1120 3682 ποιησάμενος
1131 3615 1228 3672 θῦσαι,

154 3712 185 3760 τὰ
192 3709 369 3779 Πυθαγόρου
380 3710 560 3770 ἐπαινοῦντος
571 3714 616 3782 εἴη
625 3712 667 3764 ds·
678 3712 782 3776 Πὶμμα
792 3717 844 3761 tam
853 3706 1007 3760 sacrificinm
1018 3703 1117 3756 emelle
1126 3709 1151 3753 et
1159 3699 1228 3752 tarro
1352 3725 1354 3728 ·

153 3816 224 3868 qnam
237 3818 270 3854 rx
281 3799 443 3853 aromatibus
454 3803 597 3870 siguificare
611 3812 704 3873 potest.
730 3804 877 3854 Memorant
888 3798 967 3850 etiam
979 3794 1067 3848 Suidao
1079 3795 1105 3846 in
1117 3809 1143 3846 r·
1153 3787 1189 3844 'E
1190 3813 1227 3856 μ-
1250 3793 1252 3798 ’

153 3893 287 3962 κιδοιλᾷς
309 3899 338 3942 et
355 3905 382 3942 v.
403 3889 566 3959 Ἀθήναιος,
586 3891 734 3946 Philostrati
753 3900 780 3946 et
801 3887 923 3944 ltlicoaci
944 3884 1090 3940 testimonia
1112 3892 1229 3946 secutus,

151 3984 261 4038 tuost
280 3983 374 4050 odyn.
389 4003 415 4048 y,
424 3999 450 4050 p.
464 3983 526 4046 eddi
537 3982 764 4036 truncatorum
776 3981 825 4034 alii.

176 4076 234 4146 (ιθ)
253 4078 375 4140 Bonamy
387 4073 403 4122 l.
417 4073 434 4124 t.
448 4091 472 4142 p.
484 4074 530 4136 67,
542 4062 617 4138 say'to
629 4073 691 4124 item
702 4071 718 4122 Ι.
732 4070 749 4120 l.
