2958 4822
526 393 609 441 vrrs
632 393 678 440 nr
701 393 843 442 srunrrs.
1177 381 1217 438 53

145 557 248 632 etiam
281 557 536 658 superiorum,
563 557 756 658 discipulus
787 555 1013 658 perhibetur,
1044 558 1136 633 hanc
1176 576 1219 633 ut

95 659 96 662 Ἴ
144 679 423 752 commentitiam
451 677 587 754 silentio
612 693 875 780 praetereamus
893 678 975 758 ¹⁵⁶.
1021 679 1117 756 Haec
1140 705 1219 755 om·

143 799 199 871 nia
219 801 307 872 satis
328 797 543 894 ostendunt,
567 826 679 902 quam
700 799 859 878 diversae
875 803 1013 877 fuerint
1035 800 1219 902 opiniones
1273 805 1279 816 '

143 943 330 1020 quamque
358 917 492 993 incerta
525 921 724 996 testimonia
754 945 898 1014 eorum,
925 923 992 1024 qui
1015 921 1220 1023 Empedocli

143 1040 179 1110 in
201 1055 300 1115 secta
322 1039 550 1143 Pythagorica
576 1055 716 1116 certum
741 1041 916 1142 assignare
935 1045 1053 1121 locum
1071 1044 1220 1120 studue-

145 1159 227 1236 rint.
264 1163 325 1234 -In
345 1161 412 1234 hoc
435 1175 555 1236 tamen
576 1187 700 1237 omnes
722 1167 966 1259 consentiunt,
985 1193 1073 1242 eum
1091 1165 1219 1268 Pytha·

145 1309 271 1383 goreae
299 1282 504 1382 disciplinae
538 1281 721 1356 aemulum
750 1281 880 1377 fuisse,
913 1287 1010 1387 quod
1037 1301 1220 1388 praeterea

146 1404 252 1478 multi
275 1403 338 1477 alii
365 1417 470 1477 testes
490 1419 526 1477 et
550 1401 705 1502 vulgaris
730 1405 848 1504 opinio
869 1409 1052 1483 confirmat
1070 1415 1149 1484 ¹⁵¹.

190 1525 369 1623 Superius
403 1549 487 1599 vero
519 1522 673 1598 vidimus
705 1523 751 1596 ab
777 1524 1022 1604 Alcidamante
1045 1547 1082 1606 et
1103 1531 1223 1606 Theo-

145 1645 288 1744 phrasto
324 1644 544 1718 Parmenidis
579 1645 682 1718 illum
718 1643 919 1722 auditorem
957 1649 1094 1727 dictum
1131 1678 1225 1747 esse3

145 1765 305 1840 dissentit
337 1763 382 1838 ab
413 1765 480 1840 illis
515 1767 748 1866 Hermippus,
782 1769 847 1868 qui
880 1794 953 1843 non
982 1773 1226 1865 Parmenidis,

146 1888 205 1962 sed
246 1887 361 1986 hujus
396 1889 551 1986 magistri
591 1888 898 1989 Xenophanis
937 1919 1023 1966 eum
1059 1895 1225 1969 asseclam

147 2007 229 2082 iacit
251 2015 332 2079 ¹⁵²:
367 2006 557 2106 ‘'Eppius-oc
587 2013 622 2083 ου’
648 2005 873 2110 Παρμενίδὸυ,
899 2015 1163 2113 Ξενοφάνους
1190 2017 1225 2096 tt

146 2135 315 2231 γεγονέναι
343 2129 503 2226 ζηλωτήν,
534 2127 560 2230 ᾧ
593 2135 649 2207 soi
672 2132 904 2233 συνδιατρῖψαι
931 2141 989 2222 ,καὶ
1016 2139 1227 2236 μιμήσασθαι

147 2256 200 2346 rip
229 2251 426 2347 iusserim,
455 2253 591 2352 ὕστερον
621 2253 658 2332 ds
690 2261 757 2338 τοῖς
794 2256 1030 2358 Πυθαγορικοῖς
1063 2259 1225 2363 ἐντυχεῖν.

147 2375 331 2450 Probabile
363 2389 435 2470 est,
469 2377 707 2476 Hermippum
736 2377 872 2451 Timaei
905 2381 1105 2456 testimonio
1143 2410 1226 2458 crc-

148 2497 295 2591 didisse,
337 2497 600 2596 Xenophanem
643 2497 712 2570 sub
758 2497 920 2572 Hieronis
958 2514 1119 2600 tempora
1157 2502 1227 2579 flo-

151 2621 260 2694 ruisse
288 2632 401 2722 atque
428 2617 514 2692 adeo
546 2619 752 2718 Empedocli
781 2620 858 2692 fere
887 2619 1072 2721 aequalem
1099 2625 1225 2701 fuisse:

151 2738 246 2812 uude
282 2764 356 2812 non
396 2741 546 2834 mirum,
582 2740 611 2812 si
650 2738 770 2833 illum,
811 2743 876 2842 qui
911 2743 997 2816 item
1037 2745 1075 2816 in
1116 2747 1229 2822 Sicilia

138 2876 323 2954 ,versatus
356 2863 442 2934 item
477 2861 522 2934 de
557 2886 681 2935 rerum
713 2875 843 2935 natura
878 2865 1090 2940 vaticinatus
1121 2883 1229 2955 esset.

153 2982 371 3082 Empedoclis
421 2985 630 3084 magistrum
685 2982 797 3058 fuisse
851 2983 1021 3060 crederet.
1096 2988 1230 3064 Fertur

154 3105 255 3178 etiam
300 3103 437 3179 dictum
478 3103 658 3207 quoddam
695 3103 928 3204 Xenophanis
966 3106 1010 3182 ad
1045 3110 1230 3208 Empedo-
1308 3093 1310 3096 ⁵

156 3225 239 3300 clem
256 3231 337 3298 ²⁵³.
390 3226 457 3300 Sed
476 3229 578 3300 istam
596 3227 798 3327 opinionem
819 3243 893 3300 tarn
914 3241 1119 3328 temporum
1141 3233 1230 3304 ratio

185 3455 251 3524 (ahc)
268 3454 326 3507 Vid.
342 3471 420 3524 snpra
430 3471 456 3525 p.
467 3457 499 3520 is,
511 3465 565 3508 not.
579 3457 602 3509 5.

186 3545 256 3613 (151)
272 3547 389 3612 Longum
408 3553 476 3597 esset
495 3561 584 3598 omnes
605 3546 687 3599 citare
707 3547 751 3617 qni
770 3545 952 3615 Empedoclem
970 3556 1016 3601 aut
1035 3548 1228 3617 Pythagoreum
1293 3591 1295 3596 -

158 3645 244 3688 sccant
255 3644 301 3688 aut
311 3635 381 3688 illius
393 3651 488 3689 nomen
500 3651 561 3688 cum
573 3635 717 3704 Pythagora
730 3639 900 3704 conjungunt.
925 3637 1033 3690 Praeter
1046 3655 1165 3711 eosquos
1177 3643 1228 3707 issu

159 3727 299 3782 citavimus.
319 3725 352 3779 cl.
370 3741 409 3778 er.
427 3743 464 3792 gr.
483 3725 614 3777 Plutarch.
630 3725 664 3777 de
681 3727 732 3778 Bau
750 3743 821 3777 carn.
841 3726 939 3778 1t.vot
961 3727 999 3788 X,
1013 3745 1038 3796 p.
1057 3726 1117 3791 ιδῃ
1136 3730 1227 3783 Sextus

157 3815 224 3884 Eup.
234 3815 290 3868 ads.
301 3812 383 3869 hlath.
391 3815 445 3876 IX,
461 3829 519 3878 ¹⁹73
531 3815 675 3868 Athenaeus
685 3824 712 3867 et
721 3813 911 3890 Philostr3eitt.
923 3831 1008 3884 supro.
1019 3823 1065 3866 not
1076 3813 1119 3878 =s;
1133 3816 1228 3870 Gellius

157 3905 196 3960 tt.
212 3922 235 3955 rr
245 3925 253 3967 ·,
263 3903 395 3957 Hierocles
406 3903 433 3954 iu
448 3907 508 3956 tur.
523 3905 606 3956 Germ.
619 3923 644 3975 p.
659 3905 705 3956 sss
716 3905 812 3958 Neadh
834 3905 956 3972 Syriacus
969 3907 1011 3956 cit.
1024 3904 1091 3956 inira
1105 3913 1158 3956 not.
1175 3905 1229 3960 156.

187 3993 258 4061 (152)
272 3995 399 4059 Diogenes
414 3993 500 4046 baert.
521 3995 606 4055 Viti,
623 4012 641 4045 s.
660 3991 698 4046 56.

188 4081 255 4150 (15³)
272 4084 414 4138 Memorasi
426 4085 474 4136 hoc
487 4085 555 4136 inter
566 4078 720 4152 Xenophon.
737 4084 790 4136 rell.
804 4084 837 4138 ir.
851 4085 1029 4151 xxxv11,p.
1043 4085 1082 4145 87.
