3006 4830
663 383 943 434 commentus

425 559 478 618 roll
498 555 531 624 dt
552 559 729 628 amave.
748 553 853 630 ἵππιος
868 555 927 621 ste
944 555 991 624 llo
1010 557 1172 632 μογίοτιις·

428 663 585 738 muratos
606 666 714 738 κίονος,
736 667 813 726 triers
831 659 857 725 δ’
877 663 1017 738 ἀνέμοισιν
1036 662 1132 736 leutos.

265 764 307 826 ol.
334 760 512 845 Bernhardy
534 762 623 845 Synt.
649 764 698 826 Gr.
726 783 759 845 p.
780 762 832 824 68.
872 765 962 826 Porro
978 751 1039 846 'pro
1060 772 1133 837 Ζοῡς
1152 762 1239 840 ἀργός
1262 757 1347 820 elur.

264 869 334 932 Eua.
346 879 419 944 Ζιῦο
431 873 520 947 ulllp,
540 865 623 950 quod
638 878 681 928 est
698 869 1008 952 interpretamentum.
1043 869 1091 928 l's.
1107 865 1146 926 57
1160 864 1249 926 lectio
1262 861 1346 922 mul-

264 983 332 1034 tum
344 973 453 1036 variat:
472 971 553 1032 Sext.
567 971 646 1033 Plut.
660 972 743 1033 Stob.
757 975 825 1035 Eua.
840 972 988 1055 Athenag.
1002 969 1116 1034 lleraol.
1130 949 1275 1032 exhibent
1286 967 1345 1026 ita:

408 1085 516 1153 Νῆοιις
534 1077 556 1145 l’
573 1079 589 1150 t
607 1082 734 1158 δακρύοις
753 1085 855 1160 τέγγει
875 1085 1017 1159 ιιρούιοιμοι
1033 1083 1166 1159 dolenses.

265 1191 300 1242 ut
312 1179 421 1264 legunt
435 1180 540 1265 steph.
550 1174 663 1265 Sealig.
680 1193 710 1243 et
724 1183 820 1244 Stura.
862 1185 1008 1266 Diogenes
1024 1183 1081 1244 ita:
1099 1197 1138 1249 N.
1152 1181 1174 1250 l’
1189 1181 1349 1259 idaspem

265 1291 407 1368 tranantes
424 1291 504 1368 ὅμμοι
522 1293 600 1368 βρῦν.
629 1287 762 1348 Deterius
777 1286 890 1349 Probus
907 1301 937 1350 et
953 1288 1074 1350 Suidas:
1092 1303 1130 1356 N.
1148 1287 1171 1354 θ’
1188 1289 1348 1365 &deaptare

264 1419 301 1473 γι
324 1402 431 1474 urseris
453 1421 528 1474 οοιμιι
551 1393 599 1454 vel
623 1401 701 1474 νομᾷ
721 1399 844 1474 dolestos
868 1401 957 1476 ydrae.
1005 1393 1087 1456 Istud
1105 1401 1187 1476 γένος
1207 1391 1349 1452 additum

264 1496 304 1558 ab
329 1498 511 1582 interprete,
537 1499 590 1582 qui
610 1497 701 1559 verba
725 1521 788 1559 non
809 1500 999 1583 intelligeret.
1039 1499 1179 1561 Arrenius
1197 1497 1348 1578 denique,

266 1602 318 1664 eit.
334 1601 465 1678 dturaio,
481 1605 523 1664 ita
538 1603 610 1686 legit
627 1615 662 1663 ut
679 1602 779 1664 edidi:
794 1625 866 1664 nam
885 1604 968 1688 quod
985 1611 1170 1688 Ιπιιιρούιιμοι
1184 1602 1274 1664 habet
1289 1621 1349 1682 pro

264 1739 308 1756 -
329 1733 409 1788 οιμι.
436 1707 481 1767 nil
509 1708 567 1768 nisi
592 1707 854 1791 typographorum
878 1720 921 1771 est
943 1733 1041 1789 error;
1069 1710 1234 1794 eademque
1256 1705 1349 1766 lectio

263 1809 404 1894 paullum
417 1810 555 1871 mutilata
571 1811 603 1870 in
612 1811 723 1872 Violar.
740 1833 795 1872 ms.
810 1813 885 1874 bibl.
899 1815 987 1876 Laur.
1000 1838 1017 1876 a
1031 1816 1145 1877 Sturrio
1158 1822 1273 1896 reperta
1287 1821 1347 1871 eat:

264 1923 373 1992 Νῆπιο
394 1969 401 1986 .
424 1967 433 1983 .
454 1921 592 1998 spvlsrrrt
610 1917 640 1982 ‘r’
656 1922 745 1996 tumr.
765 1923 844 1998 epte.
882 1923 958 1982 liaeo
973 1921 1065 2002 igitur
1083 1921 1172 1980 unice
1188 1936 1256 1977 vera
1272 1913 1351 1975 mihi

263 2021 326 2082 visa
342 2031 396 2082 est.
415 2021 491 2081 liam
511 2020 593 2082 leott.
607 2022 690 2083 Sext.
704 2033 734 2082 et
746 2025 840 2084 laert.
855 2025 924 2084 satis
942 2023 1128 2106 probabilem
1146 2021 1268 2108 quidem
1282 2019 1351 2080 effi·

176 2158 180 2178 ι
265 2126 354 2187 oiunt
369 2147 510 2203 sensnum
528 2125 621 2188 altera
638 2125 697 2188 hoo
714 2128 878 2210 signifieat:
897 2131 995 2190 ll'sstr's
1011 2149 1087 2210 quos
1103 2129 1242 2209 lucrymis
1256 2147 1351 2208 pasus

264 2231 402 2292 monotes
419 2233 543 2312 irs-ipa,-
565 2229 658 2291 altera
678 2231 754 2292 boo:
776 2234 814 2293 N.
833 2255 909 2314 quoe
928 2236 1067 2315 lucrymis
1090 2233 1192 2294 oeulos
1213 2232 1350 2292 mortales
1440 2257 1442 2265 ·

265 2336 413 2397 saulosrut
431 2335 490 2396 sive
507 2337 666 2396 oontslrtut.
709 2337 820 2398 Neutra
836 2359 905 2397 vero
926 2337 999 2398 dicit
1016 2338 1057 2414 id,
1078 2337 1160 2422 quod
1182 2335 1348 2397 dicendum

264 2451 343 2517 erat,
363 2440 465 2504 Nestin
486 2461 545 2502 esse
569 2461 716 2524 aquarum
739 2441 869 2503 sontem:
890 2467 982 2528 quern
1002 2443 1125 2529 quidem
1147 2464 1266 2504 sensum
1287 2463 1351 2503 esse

265 2545 476 2606 animadvertit
492 2545 582 2605 etiam
598 2543 718 2620 Struve,
739 2546 806 2607 diss.
823 2548 861 2608 de
875 2549 968 2610 Elem.
983 2549 1107 2632 Emped.
1125 2551 1166 2610 ita
1181 2549 1348 2631 corrigens:

265 2667 303 2718 N.
324 2651 346 2717 θ’
362 2657 377 2724 s
391 2655 547 2732 δοκούοοοοι
564 2657 646 2718 ultra
664 2659 955 2734 amorraeorum.
996 2657 1146 2716 Praeterea
1165 2651 1351 2714 vocabulum

265 2756 302 2821 T'
329 2755 550 2837 ἘΠῐιιριύιιιμιι
580 2777 672 2839 quam
703 2756 791 2817 facile
818 2759 850 2820 in
884 2759 1085 2842 discrepantes
1113 2759 1196 2822 lectt.
1218 2771 1351 2825 ‘ferrer

263 2868 421 2943 ιιροῦοιιμιι,
446 2862 621 2940 emmeant
639 2863 732 2940 lupa,
756 2873 814 2924 oet.
835 2862 915 2925 abire
934 2865 1082 2948 potuerit,
1105 2863 1193 2926 facile
1212 2874 1350 2948 apparet.

265 2965 457 3027 Vocabulum
479 2976 580 3026 autem
597 2963 686 3041 illud,
707 2987 892 3051 quamquam
910 2969 1096 3044 inusitatum,
1116 2980 1277 3030 esttamen
1293 2990 1352 3052 op·

263 3071 356 3132 timae
376 3069 490 3131 sormae
497 3093 505 3147 3
523 3079 553 3130 et
571 3077 679 3146 ntiae-g
699 3072 764 3152 pari
783 3073 898 3134 ratione
916 3079 1107 3156 ἒςιιιρούιοιμιο
1127 3075 1272 3158 appellari
1291 3095 1353 3157 po-

262 3185 334 3249 test,
365 3197 426 3258 qua
440 3173 557 3257 ‘paullo
582 3186 653 3235 ante
675 3187 749 3253 Ζεὺς
772 3189 802 3238 et
824 3178 938 3262 reliqua
960 3179 1108 3242 elementa
1127 3185 1270 3264 ῥιζιΐμοιοιι
1292 3201 1353 3263 ap-

263 3278 429 3363 pellantur.
472 3277 584 3340 lladern
603 3279 693 3342 leotio
709 3281 855 3365 probatur
873 3283 1003 3346 Prellero
1022 3285 1054 3346 in
1073 3285 1231 3369 Ephemer.
1253 3287 1350 3370 antiq.

264 3405 356 3468 supra
377 3383 483 3444 citatis.

306 3491 357 3550 Vs.
388 3490 439 3549 55.
477 3491 637 3571 ῥιζὸμοιοη,
672 3491 704 3551 h.
735 3513 762 3552 e.
791 3491 954 3575 interprete
987 3493 1156 3577 Philopono
1191 3495 1283 3580 Phys.
1319 3498 1352 3575 l,

264 3594 309 3656 tit.
329 3594 367 3672 G,
385 3615 418 3678 p.
439 3594 473 3670 2,
498 3605 538 3662 et
557 3603 645 3662 taret
663 3603 759 3673 alvus,
778 3619 856 3681 quae
875 3599 965 3682 vulgo
978 3610 1120 3682 ιοοιχιΐι.
1165 3599 1276 3662 Eadem
1289 3622 1352 3664 vox

265 3700 299 3761 iu
320 3698 456 3782 Orphiois
478 3711 621 3784 usurpata
642 3701 730 3762 fuisse
753 3701 885 3779 ridetur,
914 3717 1064 3788 quantum
1085 3705 1183 3768 efficio
1207 3727 1223 3766 e
1245 3705 1353 3768 Proolo

265 3805 299 3864 in
322 3806 397 3866 Tim.
421 3825 452 3887 p.
477 3805 550 3882 130,
576 3805 628 3866 ubi
653 3806 691 3866 de
714 3806 761 3868 his
786 3807 930 3869 disserens
953 3811 1040 3872 dicit:
1069 3819 1154 3892 lule
1171 3823 1226 3894 ptr
1248 3817 1353 3893 (altis)

267 3915 332 3978 lert
357 3917 458 3994 ἑίζιιμο
483 3921 539 3976 οῦν
567 3921 687 3978 adoreo.
731 3915 802 3972 item
829 3935 846 3972 n
874 3914 1088 3999 Pythagoreis,
1120 3928 1155 3977 ut
1181 3918 1214 3976 in
1242 3917 1354 4000 fragm.

268 4013 477 4075 Athamanthis
497 4037 546 4096 np.
568 4016 712 4076 Clement.
732 4015 779 4078 Al.
799 4017 906 4078 Strom.
928 4021 980 4098 Vl,
1006 4041 1036 4103 p.
1059 4021 1118 4082 624
1140 4023 1182 4082 ll:
1202 4027 1347 4105 βιζόμιιτιι
