3016 4840
236 395 299 458 356
628 411 675 458 nn
699 409 914 458 nurnnoctrs

236 573 388 648 alterurn
407 599 491 650 vero
514 600 586 648 non
609 575 730 660 minus
746 578 784 648 in
804 575 996 649 Aristotelis
1018 575 1310 674 interpretatione

235 719 344 792 quam
358 696 396 766 in
407 695 627 794 Empedoclis
644 697 817 770 sententia
834 699 988 796 positum
1001 695 1152 772 videtur.
1177 699 1308 770 Aristo·

236 813 322 886 telea
342 817 439 888 enim
460 820 574 912 φιλίων
594 829 631 889 et
652 821 750 898 νεῖκος
772 819 1008 918 interpretans
1024 819 1062 892 ri
1080 816 1205 916 matta
1220 831 1257 891 et
1271 821 1309 892 ri

236 938 355 1030 mcv,
384 937 549 1014 honum
572 953 609 1012 et
631 939 796 1012 malum
818 939 973 1038 postulat
994 965 1068 1012 esse
1090 939 1187 1028 tolia,
1215 965 1310 1038 quae

235 1057 299 1130 sibi
333 1063 430 1132 omni
467 1087 513 1134 ex
548 1075 648 1159 parte
683 1062 837 1160 opposita
867 1061 935 1132 sint
971 1076 1007 1133 et
1036 1063 1207 1134 contraria
1244 1085 1310 1132 nec

232 1180 433 1280 ,quidquam
455 1181 609 1255 habeant
636 1207 844 1272 commune,
872 1195 915 1254 ut
938 1181 1090 1256 alterum
1117 1184 1161 1255 sit
1184 1207 1250 1280 per
1272 1206 1309 1252 se

235 1300 389 1393 bonum,
422 1301 575 1374 alterum
609 1327 673 1400 per
707 1327 744 1374 se
775 1301 930 1394 malum,
962 1303 1122 1374 Amicitia
1162 1328 1246 1376 vero
1273 1316 1311 1375 et

234 1422 425 1514 Discordia,
449 1415 680 1494 ut‘dissensio
703 1435 740 1495 et
762 1425 959 1514 consensio,
986 1425 1132 1496 secretio
1158 1437 1194 1496 et
1219 1447 1310 1494 con-

233 1544 351 1634 cretio,
366 1544 431 1615 etsi
448 1543 542 1614 inter
558 1567 595 1614 se
610 1544 804 1640 oppositae,
821 1557 907 1614 sunt
920 1557 1039 1614 tamen
1057 1542 1228 1640 ejusmodi
1244 1569 1309 1632 ree,

234 1689 389 1763 quarum
420 1662 528 1734 altera
556 1665 708 1759 separari
738 1662 784 1733 ab
809 1662 916 1734 altera
948 1677 1114 1756 nequeat.
1165 1663 1256 1736 Nam
1281 1669 1309 1737 si

234 1785 372 1856 diversa
400 1784 438 1853 in
468 1809 585 1856 unum
611 1781 861 1872 conciliantur,
887 1807 928 1854 ea
957 1807 1051 1880 quae
1078 1783 1228 1881 singulis
1257 1785 1311 1857 his

232 1907 373 2003 propria
403 1917 505 1976 erant
538 1915 794 1994 secernuntur3
822 1927 862 1974 ac
897 1904 1046 1978 vicissim
1075 1904 1103 1976 si
1132 1907 1309 1977 nnumin

234 2027 346 2100 multa
382 2024 582 2116 dirimitur,
615 2049 709 2122 quae
740 2025 886 2120 singulis
917 2023 1076 2121 partibus
1108 2029 1310 2100 communia

232 2163 319 2224 sunt
344 2161 621 2245 congregantur:
651 2147 699 2218 sic
728 2171 811 2244 ergo
840 2149 939 2239 Φιλῖα
968 2161 1004 2218 et
1032 2151 1130 2222 νεῖκος
1157 2147 1311 2220 alterum

232 2297 316 2346 cum
346 2269 453 2342 altero
478 2268 670 2340 necessario
695 2291 854 2338 connexa
877 2279 981 2358 sunt,
1016 2293 1082 2340 nec
1107 2269 1255 2351 mirum,
1279 2269 1310 2340 si

230 2395 275 2466 sit
290 2393 385 2465 inter
401 2391 474 2488 ipsa
491 2387 608 2486 aliqua
626 2387 805 2458 actionum
823 2385 1054 2460 necessitudo.
1080 2387 1179 2460 Hanc
1191 2403 1310 2462 tamen

231 2509 529 2588 necessitudinem
547 2507 606 2582 ille
624 2533 696 2578 non
714 2505 978 2598 animadvertit,
993 2509 1169 2606 siquidem
1192 2509 1313 2584 ambas

231 2635 307 2708 illas
329 2634 422 2708 vires
447 2633 514 2704 sibi
542 2631 696 2704 invicem
719 2629 910 2700 contrarias
934 2643 970 2702 et
996 2631 1139 2702 seorsim
1168 2647 1312 2730 agentes

230 2755 324 2828 facit.
374 2753 563 2824 Caeterum
588 2751 772 2822 Amicitiae
796 2749 898 2846 longe
920 2753 1206 2848 praestantiores,
1228 2755 1313 2826 Dis-

231 2874 368 2950 cordiae
392 2853 580 2946 deteriores
608 2870 733 2944 tribuit
758 2859 883 2971 partes.
926 2871 1088 2945 Amicitia
1116 2889 1243 2948 cuncta
1272 2879 1311 2950 in

231 3016 351 3072 unum
371 2993 576 3086 concilians,
602 2993 795 3090 perfectam
811 2994 907 3066 illam
924 2991 1031 3066 efficit
1048 2997 1205 3069 universi
1225 2997 1312 3070 har-

231 3119 408 3206 moniam;
435 3112 609 3187 Discordia
636 3111 729 3184 hanc
751 3110 885 3188 divellit
910 3129 946 3186 et
971 3116 1008 3186 in
1031 3115 1187 3190 diversas
1208 3122 1310 3217 quasi

233 3239 399 3313 factiones
420 3235 596 3326 distrahit,
623 3237 680 3310 illa
704 3263 829 3312 rursus
850 3235 986 3310 diversa
1010 3236 1185 3312 elementa
1209 3265 1310 3310 com·

230 3385 383 3459 ponens,
405 3358 533 3430 uitandi
553 3357 714 3431 ordinem
735 3356 856 3447 efficit3
877 3355 961 3429 haec
979 3361 1167 3456 composita
1189 3357 1310 3432 divel-

229 3483 323 3572 lens,
339 3479 500 3554 ordinem
518 3479 705 3555 disturbat.
734 3481 860 3580 Itaque
880 3479 943 3551 etsi
963 3479 1086 3551 ambae
1104 3485 1205 3578 quasi
1224 3507 1309 3578 par-

230 3605 293 3678 titi
315 3601 422 3704 operti
445 3615 480 3674 et
503 3601 699 3698 conjunctis
723 3599 858 3677 viribus
880 3597 1040 3672 laborant
1062 3599 1106 3672 ad
1128 3603 1309 3674 mundum

229 3723 492 3814 fabricandum,
521 3739 640 3795 tamen
671 3725 832 3796 Amicitia
866 3737 939 3796 tam
975 3725 1012 3794 in
1043 3722 1150 3796 rebus
1181 3723 1310 3794 divinis

229 3872 339 3945 quam
363 3843 530 3917 humanis
552 3845 670 3916 omnia
692 3843 833 3916 meliora
858 3843 989 3934 reddit,
1013 3843 1189 3916 Discordia
1210 3843 1309 3917 dete·

229 3972 335 4062 riora,
353 3966 410 4039 illa
428 3964 616 4039 concilians
632 3979 759 4038 cuncta
781 3967 1119 4064 communicansque
1134 3963 1308 4040 diviniora

232 4091 325 4183 lacit,
351 4087 437 4160 haec
461 4087 616 4161 alienans
643 4101 677 4160 et
702 4085 841 4185 singula
867 4087 910 4159 ad
936 4113 971 4160 sc
996 4089 1151 4186 rapiens,
1177 4085 1307 4160 debili-
