2952 4836
533 361 773 410 camerorum.
1127 357 1190 420 mr

112 530 262 604 fortasse
294 525 525 626 Empedocles
554 525 619 600 ista
646 551 721 600 non
747 551 873 603 revera
905 529 954 604 sic
982 531 1074 626 fucta
1107 561 1190 610 cre·-

110 649 218 740 didit,
246 649 310 724 sed
336 649 450 727 veluti
474 645 758 748 μυθολογούμενος
782 651 903 746 finxit,
929 655 1052 728 uthis
1078 656 1190 734 veluti

110 773 285 872 exemplis
320 791 471 846 naturae
507 775 582 844 vim
616 774 865 874 rationemque
899 773 1092 852 declararet
1110 783 1189 853 ¹⁸².

109 897 199 968 Mihi
221 895 289 970 hoc
310 894 492 996 probabile
507 895 666 991 videtur3
687 921 786 972 error
803 912 921 972 tamen
938 889 1031 972 idem
1050 918 1188 996 manet,
1302 941 1303 944 ¹

108 1021 147 1092 in
166 1017 236 1090 hoc
256 1021 409 1116 positus,
426 1015 524 1118 quod
542 1043 598 1092 res
616 1032 766 1092 naturae
784 1045 857 1092 non
879 1020 1014 1094 ratione
1035 1023 1094 1096 sed
1111 1027 1186 1098 sor·

109 1141 205 1214 tuito
226 1153 326 1214 motu
345 1139 511 1214 formatas
531 1141 648 1233 linxit3
665 1167 886 1240 quamquam
904 1141 943 1212 iu
962 1141 1188 1242 singularum

109 1265 270 1363 partium
302 1261 535 1362 descriptione
570 1287 656 1336 eum
692 1261 878 1336 interdum
909 1265 1025 1338 acrius
1062 1265 1189 1368 vidisse

112 1385 208 1458 infra
242 1384 480 1460 ostendemus.
530 1385 722 1460 Caeterum
753 1385 792 1458 in
824 1384 880 1460 bis
910 1388 939 1460 si
966 1389 1073 1486 plura
1103 1403 1191 1464 sunt

110 1505 424 1604 reprehendenda,
440 1533 562 1582 unum
584 1506 833 1608 probandum,
853 1509 952 1610 quod
974 1509 1043 1584 sub
1068 1509 1190 1586 fabula

109 1627 172 1702 ista
196 1626 294 1717 latet,
323 1625 388 1700 boc
412 1643 481 1702 est:
508 1628 763 1729 quodNatura
788 1633 826 1704 in
850 1631 959 1706 rebus
979 1633 1140 1706 creandis
1169 1661 1190 1706 a

109 1747 345 1823 deterioribus
359 1748 546 1847 paullatim
564 1751 609 1824 ad
626 1752 771 1826 meliora
789 1756 1009 1854 processerit.
1041 1757 1088 1828 Et
1104 1753 1192 1830 baec

109 1870 259 1970 quidem
286 1869 331 1942 de
352 1869 562 1946 animalium
586 1883 686 1969 ort'u3
715 1902 820 1974 porro
844 1875 1040 1952 decorum
1060 1890 1190 1952 natura
1258 1880 1260 1890 ’

109 1989 316 2066 dicendum.

602 2127 623 2210 ς
647 2129 701 2189 aa.

239 2339 303 2412 De
327 2341 444 2440 variis
465 2365 658 2438 corporum
678 2343 850 2438 partibus
871 2343 1060 2442 variisque

423 2463 653 2535 animantum
670 2465 878 2564 generibus.

154 2607 369 2682 Planturum
386 2621 423 2682 et
441 2607 650 2682 animalium
669 2624 835 2684 naturam
853 2609 1087 2685 consideranti
1107 2611 1186 2710 pri-

106 2755 213 2804 mum
236 2755 274 2803 se
296 2729 399 2835 offert
423 2731 463 2802 in
485 2755 709 2831 unoquoque
734 2757 881 2832 genere,
908 2733 948 2804 in
972 2731 1039 2806 alio
1065 2731 1186 2830 major,

106 2851 145 2926 in
182 2852 251 2926 alio
280 2854 396 2926 minor
431 2854 589 2950 partium
622 2853 940 2955 membrorumque
969 2855 1120 2930 varietas
1150 2869 1187 2930 et

106 2975 286 3075 cujusque
317 2980 458 3076 propria
488 2977 541 3050 vis
570 2991 607 3050 et
633 2990 827 3052 structura.
878 2976 986 3051 Unde
1012 2977 1100 3087 haec
1121 3003 1187 3052 ex·

106 3096 302 3194 plicanda?
349 3097 599 3198 Empedocles,
634 3112 675 3171 ut
708 3099 820 3198 ipsius
852 3100 940 3172 ratio
969 3097 1187 3198 postulabat,
1294 3108 1297 3118 ’

107 3215 203 3290 hanc
220 3219 427 3294 varietatem
450 3220 575 3294 retulit
597 3219 642 3292 ad
665 3219 857 3311 elementa,
877 3245 898 3292 e
917 3219 1050 3319 quibus
1069 3243 1187 3320 quae-

108 3366 183 3440 que
204 3367 285 3440 pars
306 3340 470 3435 conflata,
492 3358 529 3416 ct
551 3345 686 3418 variam
704 3341 835 3415 horum
855 3341 1011 3415 indolem
1031 3369 1072 3414 ac
1091 3355 1187 3414 tem-

108 3461 258 3559 periem.
308 3461 365 3536 Sic
395 3465 433 3536 in
469 3463 653 3538 arboribus
689 3491 805 3564 quum
838 3461 932 3538 duae
967 3463 1038 3536 sint
1069 3474 1187 3562 partes

110 3584 303 3681 oppositae,
326 3584 410 3657 binc
429 3585 560 3658 radices
587 3597 624 3658 et
647 3587 786 3684 stirpes,
807 3583 893 3657 hinc
913 3585 1003 3657 rami
1024 3599 1061 3656 et
1082 3583 1188 3656 fron·

144 3871 276 3938 (1808ἰο
294 3871 394 3941 accepit
414 3872 557 3924 Alexander
578 3871 691 3941 Aphrod.
709 3881 775 3924 terte
789 3872 900 3942 simplic.
912 3871 947 3924 de
960 3871 1072 3924 Coelos.
1094 3871 1139 3934 ιίιίι
1159 3873 1187 3937 Β,

110 3962 137 4014 iu
148 3961 234 4016 Scbol.
247 3966 350 4018 Aristar„
367 3982 392 4034 p.
404 3964 450 4016 bra
467 3982 497 4018 aa
513 3962 591 4028 ὁμὲν
602 3961 781 4034 'Al-leomarus
792 3964 826 4025 dc
844 3969 941 4030 μίξεως
956 3981 978 4018 π
987 3965 1188 4033 aptorum
1285 3997 1286 4000 =

112 4053 220 4122 ὀιούοο,
238 4057 265 4116 ἓξ
282 4045 314 4124 ἧς
333 4061 495 4112 συνίσταται
514 4061 550 4133 τὴ
568 4061 639 4130 aar&
658 4057 738 4120 φύσιν
756 4059 877 4124 odacro.
