2968 4838
542 339 781 388 rmnosoruss.
1134 293 1196 386 tea

124 507 280 584 videtur.
317 503 443 578 Unum
466 517 571 576 restat
593 503 960 594 commemorandum,
977 502 1080 576 illum
1095 503 1198 576 fruc-

108 614 183 718 'tus
204 627 335 703 dixisse
353 631 602 724 caparasima
623 631 682 698 τοῦ
703 621 735 698 ἓν
761 627 828 706 τοῖς
850 628 968 720 Φυτοῖς
991 622 1116 706 tlara
1143 624 1200 698 tuti

123 750 242 848 πυρός,
266 750 288 822 i.
302 775 332 822 e.
357 747 461 822 nimii
484 745 605 820 caloris
621 760 658 820 et
676 745 834 820 humoris
855 744 1104 845 profluentium
1119 755 1199 837 ²²²,

125 871 181 946 vel
210 868 323 969 magis
353 869 514 968 proprie,
546 867 699 940 concocti
734 866 892 940 humoris
914 865 1102 944 effluvium
1117 875 1204 940 Μ’

174 1113 271 1186 Haec
299 1111 344 1188 de
369 1110 512 1211 plantis;
534 1111 715 1210 pergimus
735 1110 780 1186 ad
802 1108 981 1200 animalia,
1010 1111 1200 1209 praecipue

127 1233 298 1309 homines.
350 1232 579 1306 Meminimus
599 1259 710 1333 quam
734 1257 841 1330 supra
864 1232 1022 1306 narravit
1043 1230 1201 1306 fabulam

126 1353 173 1430 de
191 1354 379 1428 hominum
401 1366 500 1443 ortu,
526 1353 678 1452 lingens,
703 1353 874 1453 principio
891 1354 1061 1428 exstitisse
1079 1357 1202 1434 τύπους

127 1474 299 1574 quosdam
327 1477 518 1570 οὸλοφυεΐς,
553 1475 683 1574 figuras
706 1475 893 1548 hominum
918 1474 1088 1548 informes
1117 1477 1203 1574 qui-

127 1595 225 1687 dem,
245 1595 305 1670 sed
322 1597 491 1696 integras,
510 1596 611 1670 nullo
634 1597 741 1672 sexus
761 1595 961 1669 discrimine
977 1605 1059 1688 ²²⁴3
1080 1623 1124 1670 ex
1149 1597 1203 1672 his

128 1715 311 1814 deinceps,
343 1717 452 1792 diviso
487 1743 592 1807 sexu,
626 1745 740 1794 mares
771 1734 807 1793 et
839 1719 989 1792 feminas
1019 1733 1205 1818 prognatos

128 1861 222 1928 esse,
249 1837 325 1912 illos
349 1837 418 1912 sub
442 1838 618 1931 calidiore,
644 1839 707 1912 has
732 1838 800 1913 sub
822 1838 999 1938 frigidiore
1023 1839 1120 1914 coelo
1145 1865 1206 1913 or·

127 1971 181 2030 tas
201 1966 281 2031 ²²⁵.
333 1957 429 2030 Haec
453 1957 573 2032 fabula
595 1973 663 2050 est,
684 1974 727 2034 ut
748 1960 822 2059 ipse
849 1959 948 2051 dicit,
974 1962 1031 2035 οὐκ
1056 1960 1207 2036 dulcea-

126 2105 190 2159 ποι
218 2075 284 2154 att'
307 2076 480 2176 ollulam:
504 2078 656 2152 declarat
674 2081 788 2172 enim,
817 2081 915 2154 unde
942 2081 1090 2156 Veneris
1111 2082 1206 2156 desi-

126 2199 272 2274 derium
313 2200 520 2298 hominibus
551 2203 595 2274 sit
633 2203 810 2275 innatum.
871 2203 997 2292 Quum
1031 2201 1204 2301 principio

125 2321 320 2419 conjuncta
352 2323 503 2398 fuissent
536 2325 689 2398 marium
717 2335 753 2394 et
782 2321 999 2394 laminarum
1025 2321 1206 2414 membra,

125 2442 212 2516 inde
243 2446 410 2516 remansit
436 2445 475 2516 in
499 2442 704 2518 hominibus
730 2443 842 2516 coitus
868 2441 1099 2536 desiderium,
1131 2471 1206 2544 quo

125 2564 242 2640 veluti
268 2565 306 2636 in
335 2565 518 2662 pristinam
546 2566 680 2638 formae
704 2564 941 2661 integritatem
969 2562 1201 2638 reducantur.

125 2685 203 2760 Hoc
212 2699 456 2758 commentum
467 2699 595 2758 notum
609 2699 662 2759 est
677 2709 786 2786 quam
800 2669 979 2782 eleganter
991 2699 1203 2759 exornatum

128 2805 172 2878 sit
199 2833 219 2878 a
242 2805 388 2880 Platone
415 2805 453 2880 in
481 2807 672 2907 Symposio.
722 2805 846 2880 Talem
870 2829 955 2882 vero
980 2805 1089 2880 fnisse
1114 2808 1205 2880 Em·

126 2921 280 3023 pedoclis
302 2927 514 3000 sententiam
537 2925 649 3028 colligi
670 2941 784 3026 potest
804 2953 850 3000 ex
870 2926 928 3016 iis,
945 2951 1039 3026 quae
1059 2925 1105 3002 de
1122 2925 1204 3001 foe-

129 3117 242 3186 θηλὶυν
260 3119 367 3181 φυτῶν,
389 3116 422 3178 ὦς
440 3121 488 3170 ἐπὶ
507 3121 561 3174 τῶν
579 3119 668 3188 ξύων,
687 3121 731 3172 ὅτι
750 3119 798 3170 aul
815 3121 832 3186 ἡ
852 3121 924 3181 μῖξις
942 3119 997 3170 τῶν
1018 3123 1109 3181 sareas
1130 3123 1206 3174 toris

130 3212 161 3262 iv
180 3213 315 3278 διοικήσει
333 3214 398 3262 ent.
432 3211 502 3272 Quae
519 3212 599 3266 verba
618 3211 678 3263 satia
699 3211 810 3264 obscura
831 3211 894 3262 nllr'd
915 3209 971 3264 lere
990 3210 1060 3264 alind
1084 3213 1207 3266 videntur

129 3303 180 3354 ulai
203 3303 368 3374 amplificatio
388 3303 479 3356 venda
501 3301 679 3373 Empedoclei,
701 3319 780 3372 quem
802 3301 879 3354 modo
904 3301 1018 3354 laudavit
1043 3302 1208 3364 Aristotelen

131 3389 251 3460 plantas,
269 3394 316 3445 atsi
331 3409 384 3444 nou
405 3400 543 3461 procreent
556 3391 653 3461 pullos,
670 3419 707 3434 -
724 3395 820 3463 quippe
830 3408 911 3463 quum
923 3409 1012 3444 earum
1023 3391 1091 3445 letus
1102 3411 1134 3444 ca
1151 3395 1208 3464 ipso

131 3483 230 3536 semine
249 3484 362 3538 edantur
378 3501 462 3556 eoque
477 3484 581 3536 alantur
597 3491 624 3537 et
641 3485 688 3536 ant
705 3501 735 3538 ac
752 3485 858 3554 proprii
877 3483 901 3534 vl
918 3483 1056 3552 pullulent.
1070 3510 1104 3526 -·
1121 3493 1207 3538 umen

132 3571 215 3626 rideri
226 3575 326 3643 pariter
337 3582 368 3627 ut
376 3573 505 3638 animalia,
520 3589 586 3643 qnae
598 3574 737 3626 concubitu
748 3583 881 3642 generant.
892 3581 1032 3644 utrumque
1042 3589 1131 3626 mum
1141 3575 1168 3624 in
1180 3590 1208 3626 aa

133 3661 243 3716 mixtum
262 3661 361 3716 babere
376 3673 404 3717 et
415 3665 462 3716 hac
479 3663 579 3718 ratione
595 3671 645 3716 ova
661 3679 761 3732 parere.
773 3689 806 3704 -
817 3663 925 3733 leliqua
937 3663 1009 3731 tetigi
1020 3677 1098 3731 uapra
1110 3679 1135 3732 p.
1148 3661 1206 3731 459.

166 3755 244 3816 (aaa)
262 3753 394 3807 Plutarch.
416 3754 449 3806 de
472 3753 539 3806 Plac.
557 3752 622 3822 plrll.
636 3751 654 3802 l.
673 3752 689 3804 l.

166 3842 244 3908 (aas)
262 3844 334 3896 Sicut
354 3845 408 3915 ipae
429 3841 593 3914 Empedoclea
615 3841 725 3894 vinum
746 3843 860 3914 appellat
878 3860 915 3894 aa.
938 3843 992 3907 alp.

165 3933 241 3996 (aad)
259 3933 364 4002 Empod.
382 3951 417 3988 ra.
437 3933 481 3986 251
500 3949 554 4004 sqq.
572 3931 605 3986 cl.
623 3932 795 3988 Commentar.
811 3934 838 3986 in
856 3931 882 3986 lt.
900 3949 937 3986 ra.

167 4019 243 4090 (aad)
261 4021 317 4074 vid.
334 4023 412 4092 paulo
429 4023 543 4076 inferius.
