2958 4822
97 561 234 634 aoeessio
263 563 366 634 facta
393 576 447 636 est
470 588 490 634 e
513 561 679 660 Simplicii
703 565 960 639 commentariis
983 569 1022 640 in
1039 569 1175 642 'ariso-

98 706 163 778 telis
196 703 317 806 libros
355 705 408 780 de
444 706 595 796 Coelo,
618 735 639 782 e
664 708 766 806 cujus
790 711 903 807 operis
927 709 1042 784 codice
1067 711 1175 786 Taur.

100 847 229 948 aliquot
278 849 502 922 Parmenidis
542 865 582 924 et
615 853 834 952 Empedoclis
869 832 991 930 versus
1031 855 1176 953 protulit

101 991 327 1066 Amedeus
352 993 527 1091 Peyron
550 995 588 1068 iu
611 995 726 1072 libello
750 999 929 1096 inscripto:
956 999 1175 1094 Empedo-

102 1139 180 1208 clis
218 1151 258 1210 et
290 1137 586 1212 Purmc‘nidis
611 1139 830 1240 fragmenta
861 1169 882 1213 e
916 1141 1037 1214 rodite
1071 1141 1177 1216 Tau-

103 1287 173 1354 rin.
205 1282 377 1354 biblioth.
408 1261 574 1356 restituta
604 1299 670 1357 etc.
701 1287 852 1396 Lipsiae,
889 1290 990 1360 1810.
1044 1285 1178 1360 Eadem

105 1427 303 1524 fragmenta
342 1452 388 1502 ex
427 1427 499 1500 aliis
546 1429 721 1504 codicibus
769 1431 1004 1504 emendatiora
1042 1433 1177 1528 repeti-

106 1585 238 1645 verunt
261 1573 406 1645 Gaisf
414 1575 497 1656 ord
544 1579 586 1648 in‘
629 1577 756 1648 Positis
796 1577 996 1650 minoribus
1033 1579 1179 1674 graccis

104 1715 146 1786 T.
171 1717 242 1808 111,
268 1733 304 1790 et
328 1718 513 1792 Brandis
534 1681 572 1792 in
593 1723 754 1794 Scholir's
772 1724 1020 1794 Aristotelen.
1071 1722 1180 1793 Prae·

106 1876 159 1936 ter
193 1863 253 1935 illa
292 1865 337 1936 ad
373 1865 638 1940 emendandum
675 1867 926 1965 Empedoclem
961 1879 1179 1940 uocauerunt

107 2006 301 2081 nonnullae
325 2011 484 2084 virorum
509 2010 693 2082 doctorum
718 2013 957 2109 conjecturae,
980 2026 1024 2084 ut
1041 2034 1178 2108 nuper-

108 2155 193 2226 rime
227 2151 390 2226 Thcod.
423 2153 617 2252 Bergkii,
648 2157 685 2224 in
716 2155 818 2226 Actis
841 2156 1035 2226 Societatis
1064 2153 1180 2226 Grae·

109 2323 171 2368 coe
203 2299 245 2371 P.
273 2300 308 2390 1,
340 2311 376 2370 ct
408 2301 533 2396 passim
557 2298 631 2371 aliis
655 2299 737 2371 locis
763 2303 1002 2398 proposine⁴.
1054 2301 1181 2396 Itaque

108 2467 161 2512 res
192 2441 263 2539 jam
297 2443 345 2514 sic
376 2458 450 2515 erat
483 2457 698 2538 comparata,
732 2459 775 2516 ut
800 2463 935 2516 novum
960 2440 1180 2539 Empedoclis

111 2587 306 2659 carminum
342 2601 378 2659 et
409 2587 619 2686 placitorum
649 2595 830 2687 σύνταγμα
854 2599 1098 2686 expeteretur,
1123 2586 1180 2656 cui

113 2734 253 2804 muneri
283 2747 325 2805 ut
357 2734 611 2824 satisfacerem,
637 2749 752 2808 totum
776 2761 865 2832 opus
889 2733 933 2806 de
959 2731 1094 2829 integro
1120 2757 1181 2804 rc·

113 2876 335 2950 tractandum
361 2871 519 2976 suscepi:
545 2873 763 2978 antiquitatis
787 2881 911 2951 scrinia
936 2879 1095 2968 excussi3
1120 2876 1182 2946 in·

112 3021 232 3121 dagavi
254 3024 455 3095 carminum
475 3021 655 3122 reliquias3
681 3049 810 3116 pauca,
826 3047 918 3120 quae
936 3036 999 3095 ant
1016 3022 1182 3121 fugerant
1234 3063 1237 3068 -

111 3167 286 3240 Sturaium
324 3181 387 3239 aut
421 3180 499 3264 post
532 3192 618 3239 eurn
652 3183 790 3266 reperta
818 3179 942 3257 erant,
964 3165 1092 3264 adjeci3
1118 3164 1182 3236 alia

111 3313 310 3411 Empedocli
360 3312 446 3386 falso
492 3325 555 3384 aut
596 3327 729 3386 temere
765 3311 896 3384 tributa
930 3311 1107 3408 segregavi
1143 3305 1161 3360 ⁵'
1173 3337 1182 3400 3

143 3471 182 3535 (i)
197 3473 263 3531 Quae
281 3471 403 3538 Berglius
421 3472 446 3521 in
468 3469 680 3540 Ephemeridibua
695 3470 822 3537 inscriptis
835 3467 984 3520 Zeitschriit
1000 3465 1043 3517 ftir
1060 3467 1086 3518 d.
1101 3467 1182 3518 Elaia.

111 3581 293 3636 tltertlrumsw.
323 3603 348 3638 a.
382 3585 443 3646 1837
464 3584 579 3652 scripsit,
603 3565 712 3635 exarato¹
731 3585 782 3649 jam
801 3582 983 3633 commentario
1004 3596 1061 3632 rneo
1083 3597 1183 3632 mccurn

112 3701 306 3765 communicata,
329 3701 356 3751 in
379 3667 508 3750 Addendis
534 3697 683 3748 memoravi.

139 3811 176 3880 (5)
193 3816 305 3876 Quaene
316 3815 375 3885 quis
385 3811 559 3879 negligentiis
571 3827 610 3862 me
622 3811 711 3862 omissa
727 3819 809 3878 putat,
817 3810 903 3879 paucis
914 3809 1041 3862 indicabo.
1054 3809 1094 3859 t's.
1106 3822 1133 3856 αι
1146 3825 1182 3876 sq.

107 3933 154 3998 (ed.
173 3935 285 4001 Stura.):
308 3934 376 3985 odra
399 3931 473 3982 θεῶν
490 3947 531 3986 τις
548 3929 646 3990 κόσμον
665 3928 723 3977 κτλ.
758 3927 822 3976 Sunt
843 3925 919 3978 verba
939 3924 1122 3998 llcracliti;
1143 3939 1185 3988 pa·

102 4051 161 4107 riter
171 4063 200 4107 ut
212 4073 250 4108 vs.
265 4051 334 4113 354:
348 4049 445 4104 sinoce
459 4049 575 4115 κοπρίων
586 4044 790 4112 ἐκβλητότεροι.
815 4041 854 4090 Va.
869 4039 932 4106 390:
945 4034 1002 4092 ἶσόν
1014 4060 1055 4091 τοι
1070 4040 1186 4102 κυάμους
