2968 4838
555 391 793 444 rurnosorrus.
852 333 859 346 ⁸
1149 382 1209 446 tsl

133 553 229 653 quod
247 565 371 627 rerum
388 555 596 630 effluxiones
612 559 771 656 singulae
787 557 935 658 singulis
953 560 1115 642 sensibus
1126 587 1210 634 con-

132 701 243 792 gruae
275 678 314 747 in
345 702 447 774 poros
476 678 627 767 intrent3
657 681 755 774 quod
785 679 940 756 breviter
972 685 1020 756 sic
1045 685 1210 758 enuntiat

131 793 397 896 Theophrastus
419 801 501 870 ⁶⁷⁹:
538 795 764 896 Ἐμπεδοκλῆς
797 807 883 898 Φησὶ
921 804 969 903 τῷ
1004 802 1211 904 ἐναρμόττειν

129 919 209 1016 (τοις
232 919 412 1021 trattati)
435 925 478 1004 εἷς
503 925 581 1006 σούς
604 926 720 1023 τὸρους
745 927 822 1007 τοὺς
844 923 988 1015 ἑκάστης
1007 924 1210 1023 (αἰσθήσεως)

129 1041 350 1122 clotharios.
369 1078 372 1086 ·
399 1047 492 1119 Hinc
513 1073 618 1144 porro
638 1049 870 1149 consequitur
888 1047 923 1119 id
942 1047 1040 1146 quod
1057 1047 1211 1148 subjun-

128 1167 196 1264 git:
223 1165 271 1242 tt
292 1171 348 1243 aul
371 1171 406 1241 οὐ
425 1167 580 1246 δύνασθον
598 1172 647 1247 τοι
668 1169 818 1259 ἀλλήλων
841 1171 970 1268 κρίνειν,
991 1170 1043 1247 *ὅτι
1066 1175 1126 1246 τῶν
1148 1175 1209 1266 μὲν

128 1289 305 1386 εὐρύτεροι,
337 1277 399 1365 τῶν
429 1289 465 1368 δὲ
497 1295 676 1392 στενότερον
704 1292 940 1396 τυγχάνουσιν
965 1299 996 1369 οἱ
1017 1297 1107 1394 τόροο
1130 1299 1209 1395 στρος

127 1411 167 1486 τὸ
195 1409 364 1505 αἰσθητόν,
395 1415 436 1494 ὡς
459 1415 507 1489 τοι
527 1419 588 1511 μὲν
609 1419 678 1518 οὐχ
702 1417 879 1514 ἁπτόμενοι
905 1415 1091 1512 διευτονεΐν,
1109 1415 1157 1495 τοὶ
1178 1418 1209 1495 δ’

126 1534 210 1615 ἵλεος
231 1533 381 1611 εἰσελθεῖν
403 1538 439 1608 οὑ
456 1535 624 1616 assuetas.
642 1541 667 1613 i.
691 1565 722 1613 e.
744 1539 847 1614 uideo
869 1565 942 1612 non
965 1566 1064 1639 posse
1081 1566 1209 1638 quem·

54 1675 57 1682 ·
125 1657 225 1755 piam
254 1655 311 1730 de'
323 1657 469 1732 alterius
491 1685 601 1735 sensu
621 1661 797 1760 judicare:
816 1658 901 1735 nam
918 1689 1056 1763 quum,
1071 1689 1137 1762 pro
1154 1663 1210 1736 di-

126 1805 230 1852 versa
261 1781 439 1880 cujusque
469 1807 643 1855 sensuum
667 1781 867 1856 conditione
893 1809 933 1856 ac
956 1786 1144 1882 temperie,
1170 1785 1210 1858 in

127 1901 204 1973 aliis
229 1903 447 2001 angustiores
471 1901 543 1972 sint
566 1902 663 1999 pori,
687 1902 725 1972 in
745 1900 820 1973 aliis
835 1900 994 1994 latiores‚'
1007 1901 1094 1976 hinc
1111 1905 1209 2005 quod

126 2020 339 2096 effluxiones
362 2023 400 2093 in
426 2021 488 2094 hos
512 2047 585 2094 non
610 2022 757 2121 penitus
779 2036 987 2118 penetrare,
1012 2026 1051 2096 in
1073 2025 1136 2098 hos
1160 2052 1208 2098 ne

126 2142 265 2215 intrare
281 2141 429 2242 quidem
445 2145 584 2240 possint*
596 2141 775 2215 omnino.’'
822 2144 948 2242 Itaque
964 2141 1009 2216 de
1026 2144 1081 2216 his
1098 2171 1207 2218 suum

124 2289 202 2338 esse
229 2265 363 2363 cuique
387 2261 575 2361 judicium.
631 2262 711 2335 Jam
735 2263 834 2363 quod
855 2263 900 2334 ad
915 2263 1109 2361 singulares
1123 2291 1210 2338 sen·-

124 2413 188 2460 sus
214 2387 359 2477 attinet,
382 2385 428 2458 de
452 2385 578 2458 doloris
600 2399 637 2458 et
659 2385 851 2484 voluptatis
872 2409 979 2456 sensu
1006 2404 1115 2482 supra
1136 2385 1208 2458 dic-

124 2525 227 2600 tum3
255 2507 311 2586 ¹de
340 2509 448 2580 tactu
469 2507 637 2581 universe
668 2531 742 2578 non
771 2505 954 2599 meminit3
983 2503 1029 2577 de
1059 2505 1209 2582 odoratu

125 2645 165 2703 et
190 2641 335 2728 grutatu
360 2628 523 2725 carptin13
548 2627 746 2699 aocuratius
770 2624 815 2698 <le
840 2623 984 2717 auditu,
999 2631 1207 2724 pracsertim

35 2748 39 2758 '
126 2777 215 2825 vero
239 2749 284 2822 ds
308 2750 399 2822 visu.
441 2748 494 2820 De
516 2744 650 2846 quihus
665 2744 811 2844 singulis
826 2770 920 2844 quse
935 2760 1207 2820 commemorata

126 2886 231 2962 sunt,
256 2883 485 2967 exponemus.

138 3001 146 3010 ”
179 2989 431 3090 Incipiendum
464 2989 509 3063 ab
538 2988 742 3080 odoratu,
772 2989 837 3088 qui
861 3011 947 3060 cum
971 2987 1207 3086 respiratione

129 3126 225 3186 arcte
249 3111 427 3205 cohaeret3
452 3125 652 3210 utrumque
675 3106 906 3208 Empedocles
923 3109 1002 3206 pari
1019 3109 1154 3181 ratione
1171 3121 1208 3180 et

128 3232 320 3332 conjuncte
340 3231 512 3330 explicuit
526 3235 611 3301 ²⁸⁰:
635 3231 792 3320 intrante
813 3231 912 3302 enim
931 3233 1012 3302 aere
1028 3253 1112 3300 cum
1130 3227 1209 3327 pul·

128 3380 280 3428 monum
312 3355 542 3452 respiratione
573 3350 680 3424 simul
712 3347 854 3423 odorem
886 3347 1022 3422 hauriri
1052 3350 1205 3447 putavit.

129 3477 263 3550 Odores
287 3489 409 3548 autem
434 3498 508 3547 esse
531 3497 655 3546 rerum
681 3467 845 3568 ἂτορροοὶς
868 3493 934 3567 per
957 3473 1076 3542 aerem
1100 3467 1207 3541 diffu-

161 3675 236 3761 (²79)
253 3688 446 3760 Theophrastus
459 3688 492 3740 ds
501 3687 582 3740 Sensu
591 3728 597 3750 ,
606 3690 622 3752 4ς
636 3705 659 3752 7,
672 3705 697 3756 p.
707 3687 758 3755 649
770 3685 889 3738 Schneid.
904 3688 937 3737 cl.
949 3685 1079 3737 Plutarch.
1091 3684 1124 3736 de
1136 3684 1203 3737 Plac

127 3781 190 3852 phil.
207 3783 255 3844 IV,
271 3799 304 3850 9,
322 3789 349 3832 et
368 3780 455 3831 Galen.
477 3780 543 3831 Ilist.
560 3777 623 3848 phil.
645 3779 744 3839 XXIV,
765 3776 855 3843 Ἐροο.
875 3780 949 3847 παρὰ
968 3779 1016 3836 τὰς
1036 3779 1217 3844 συμμετρίας.

129 3877 185 3926 τῶν
197 3876 287 3943 πόρων
298 3877 349 3934 τὰς
361 3877 432 3924 κατὰ
443 3875 523 3941 μέρος
534 3875 679 3940 αἰσθήσιος
690 3877 823 3938 γίνεσθαι
828 3911 838 3937 ,
856 3875 906 3924 τοῦ
918 3872 1023 3926 οἰκείου
1035 3872 1090 3922 τῶν
1105 3873 1206 3938 αἴσθη-

130 3971 185 4020 τῖνν
206 3968 306 4039 ἑκάστῃ
325 3965 477 4038 (almost)
495 3967 675 4033 ἁρμόζοντος.
761 4031 763 4035 ι

162 4063 236 4125 (sto)
252 4060 326 4120 Quod
343 4059 438 4112 indicat
455 4059 615 4129 Empedoclis
633 4075 670 4112 vs.
686 4059 741 4111 Sor.

178 4151 244 4225 Ill.
872 4091 876 4100 ¹
1014 4147 1057 4218 31
