3016 4840
252 353 327 418 sti
653 372 700 418 ns
725 370 942 421 aursnocrss
1055 327 1058 336 ¹

262 535 530 610 universitatem
549 538 625 612 sive
645 535 820 612 elementa
841 553 878 613 et
897 539 1068 639 principia
1088 566 1211 614 rerum
1231 543 1338 615 omni·

261 683 346 748 um,
363 671 435 730 tam
455 657 659 732 divinarum
676 684 787 756 qnam
805 659 1065 754 humanarum,
1079 677 1222 738 aeterna
1239 689 1336 760 esse,

262 803 329 851 nec
349 795 431 853 nata
455 805 618 880 unquam
640 805 708 854 nec
726 783 986 876 interitura143
1010 783 1189 858 naturales
1212 799 1336 861 autem

261 901 337 974 illas
360 899 633 994 vicissitudines,
653 927 743 1002 quas
763 895 888 976 nasci
909 918 946 978 et
967 906 1077 978 mori
1099 905 1335 1004 appellamus,

261 1049 336 1096 esse
360 1037 503 1096 tantum
525 1022 660 1096 formae
684 1022 918 1118 mutationes,
943 1026 1154 1099 mixtionem
1175 1027 1335 1124 partium

261 1159 298 1219 et
325 1145 590 1234 discretionem,
624 1169 747 1218 revera
782 1171 849 1220 nec
878 1147 962 1220 oriri
994 1172 1063 1220 nec
1083 1147 1202 1246 perire
1222 1147 1332 1248 quid·

260 1293 371 1368 quam
387 1275 449 1360 ¹⁵3
476 1291 587 1339 unam
608 1290 683 1340 esse
703 1267 863 1342 universi
884 1267 1161 1366 complexionem
1181 1290 1335 1369 eamque

259 1387 425 1464 omnibus
437 1389 599 1462 numeris
613 1385 838 1486 completam,
853 1389 892 1460 in
906 1415 979 1489 qua
993 1413 1062 1462 nec
1074 1414 1231 1462 vacuum
1245 1391 1334 1490 quid

258 1538 327 1587 nec
360 1507 548 1583 abundans
562 1509 623 1602 ¹⁶3
651 1506 808 1608 denique
825 1495 953 1582 'omnia
981 1523 1055 1582 tam
1083 1535 1191 1608 supra
1222 1535 1334 1611 quam

257 1633 381 1708 subter
403 1631 503 1705 velut
524 1629 661 1706 diversa
682 1653 758 1702 esse
778 1627 907 1702 mundi
931 1627 1091 1704 membra
1112 1655 1227 1730 eaque
1250 1655 1335 1704 mu·

257 1754 321 1828 tut
344 1751 596 1840 communione
619 1751 713 1824 inter
732 1775 769 1823 se
796 1751 969 1824 contineri
986 1757 1042 1825 ¹⁷.
1092 1752 1225 1826 Placita
1245 1751 1335 1826 haec

256 1869 383 1950 omnia'
396 1870 557 1972 pendent
578 1897 596 1942 a
619 1869 729 1943 nobili
747 1871 808 1944 illo
824 1869 1001 1956 Eleaticae
1019 1871 1158 1947 scholae
1174 1871 1332 1946 decreto:

256 2000 347 2072 ἔστιν
370 1992 390 2088 ἢ
410 1997 467 2067 οὐκ
492 1995 582 2068 ’ἐστιν
598 1995 652 2064 ¹⁸.
701 1995 805 2085 Quae
827 1991 873 2064 ab
897 1991 963 2066 hoc
989 1994 1162 2093 principio
1184 2019 1334 2068 exorsus

256 2113 486 2192 Parmenides
506 2113 552 2188 de
573 2127 658 2188 ente
678 2112 949 2208 demonstrarit,
968 2139 1011 2188 ea
1034 2097 1266 2214 Empedocles
1288 2113 1333 2188 ad

257 2238 387 2313 mundi
421 2237 689 2310 universitatem
724 2235 917 2310 transtulit.
978 2235 1175 2311 Videamus
1205 2263 1332 2338 porro,

257 2359 401 2463 qualem
422 2357 488 2432 sibi
514 2357 643 2432 mundi
664 2355 833 2432 fabricam
854 2359 1110 2434 informaverit.

305 2603 486 2701 Principio
507 2603 632 2674 statuit
657 2625 774 2674 unum
800 2603 909 2676 fnisse
933 2604 1075 2695 omnia,
1095 2601 1195 2677 nulla
1221 2605 1333 2704 parti-

257 2752 322 2800 um
340 2723 561 2815 diversitate,
583 2721 686 2806 nullo
700 2735 915 2796 naturarum
931 2721 1148 2816 discrimine,
1163 2723 1223 2797 sed
1239 2724 1333 2825 globi

255 2849 366 2920 instar
376 2843 453 2919 unit
465 2841 649 2916 harmoniis
660 2856 882 2936 contentum,
897 2843 1006 2944 idque
1022 2843 1200 2919 divinum.
1240 2845 1332 2920 Dein

256 2981 351 3042 certo
373 2979 532 3064 tempore
553 2989 600 3037 ex
617 2965 681 3038 lati
700 2963 777 3064 lege
800 2965 982 3038 subortam
999 2964 1234 3058 Discordiam,
1257 2991 1333 3064 qua

255 3089 392 3162 sacuam
414 3101 458 3161 ut
480 3111 600 3160 unum
627 3085 715 3160 illud
739 3088 777 3158 in
803 3086 957 3162 diversas
979 3100 1096 3185 partes
1115 3085 1333 3160 distrahere-

254 3225 333 3284 tur:
362 3212 411 3284 sic
442 3209 613 3283 exstitisse
637 3208 783 3308 Ignem,
808 3207 955 3300 Aerem,
977 3207 1146 3301 Terram,
1171 3209 1333 3310 Aqrram,

254 3333 426 3408 exstitisse
459 3331 661 3404 Amicitiam
693 3343 730 3402 et
757 3327 988 3433 Discordiam,
1019 3329 1159 3429 singula
1190 3355 1256 3429 per
1292 3353 1332 3403 se

253 3467 325 3530 tota
358 3467 467 3555 atque
494 3453 655 3550 integra,
681 3449 745 3524 sibi
776 3451 932 3524 invicem
958 3475 1045 3528 vero
1070 3451 1245 3550 opposita,
1274 3449 1332 3524 lo·

283 3624 341 3692 (14)
358 3622 415 3675 vid.
431 3619 537 3691 Emped.
554 3636 602 3672 111.
620 3621 649 3671 tr
668 3635 724 3690 sqq.
742 3625 769 3671 et
787 3619 832 3670 ns
848 3635 904 3689 sqq.

284 3713 342 3782 (15)
359 3713 432 3766 Idem
450 3728 494 3764 111.
512 3725 544 3774 77
560 3727 616 3780 sqq.

283 3803 342 3870 (16)
359 3802 400 3856 ld.
418 3817 453 3854 rs.
470 3799 511 3852 63.

284 3892 341 3960 (¹7)
358 3892 400 3944 Vs.
427 3907 471 3944 iss
489 3907 527 3960 sq.
548 3888 661 3952 131-137.
679 3889 775 3943 Eodem
791 3897 892 3959 spectat
908 3890 1031 3960 placitum
1049 3890 1081 3943 dc
1099 3889 1331 3962 metempsychosi,

252 3997 289 4032 m.
307 3981 356 4032 oso
373 3995 409 4050 sq.
428 3979 536 4049 alisque.

284 4071 340 4139 (18)
361 4069 412 4120 tid.
432 4069 513 4120 Perm.
533 4085 568 4122 vs.
587 4084 622 4130 71.
