3006 4830
530 373 567 421 m
593 373 842 424 rueunoccuu.
897 438 907 466 .
1165 363 1228 426 225

155 545 284 621 ὶιιίσσιιι
301 545 396 606 issar.
439 539 515 624 Ergo
536 541 729 624 Empedocles
749 553 875 604 naturae
899 561 1021 624 operam
1041 541 1074 600 in
1096 539 1227 602 humidis

157 659 184 710 et
202 645 292 708 aridis
316 645 542 708 commiscendis
568 649 751 730 compararit
778 669 848 707 cum
877 647 994 730 pistoris
1021 644 1163 730 opificioz
1195 657 1229 707 ut

156 753 202 814 lric
225 756 398 830 (κιλλήσσς)
423 750 551 812 farinam
578 771 657 835 aqua
684 751 873 834 conglutinat
900 761 929 812 et
951 751 1015 834 igni
1036 749 1227 834 coquendam

155 857 293 939 praebet,
314 855 447 918 similiter
467 855 577 916 Natura
597 856 771 918 siscianus
792 855 905 917 diversa
923 855 1071 918 elementa
1084 856 1118 915 in
1131 873 1228 916 unum
1329 919 1333 928 ,

153 963 345 1045 constringit,
365 973 400 1024 ut
421 960 590 1059 declaratur
609 959 739 1022 versibus
759 962 811 1047 qui
832 959 973 1044 deinceps
994 969 1169 1045 sequuntur.

190 1068 237 1128 Vs.
259 1065 320 1128 209
340 1088 383 1151 sq.
420 1069 482 1143 Ὣς
502 1072 532 1134 δὲ
554 1073 623 1134 sire
640 1074 728 1148 xliia
747 1075 854 1148 Κύπρις
866 1071 951 1142 aru)
988 1065 1159 1147 Simplicius!
1172 1065 1227 1126 11⁰⁵

27 1187 28 1190 ’
151 1191 247 1232 versus
268 1169 354 1232 affert
374 1172 436 1234 sine
456 1171 519 1232 ulla
539 1173 758 1255 explicatione,
779 1184 897 1234 utnon
918 1181 1061 1255 appareat
1082 1191 1143 1254 quo
1158 1191 1228 1253 per-

27 1277 28 1280 ’
152 1277 275 1337 tineant.
317 1276 401 1338 Istud
429 1281 465 1352 dg
491 1276 617 1338 refertur
642 1277 681 1338 ed
707 1276 933 1338 similitudinem
954 1275 1102 1359 aliquam,
1130 1273 1226 1360 qualis

153 1391 193 1441 ert
219 1401 273 1457 ea,
296 1403 373 1466 quae
393 1381 485 1442 modo
506 1382 673 1464 praecessit.
716 1385 797 1459 Quae
818 1392 918 1442 autem
939 1401 1065 1463 corpora
1086 1380 1132 1441 rel
1154 1401 1228 1462 quus

27 1485 28 1490 ’
153 1486 283 1568 eorporis
303 1497 401 1568 partes
420 1485 472 1546 hic
493 1495 607 1568 spectet
625 1488 729 1568 poiita,
751 1507 814 1546 non
836 1496 934 1569 patet;
958 1483 1077 1547 sortasse
1098 1483 1136 1546 de
1156 1484 1230 1546 ossi*

152 1611 201 1649 um
222 1588 402 1652 formatione
423 1590 497 1652 haec
519 1589 704 1666 dictasunt,
724 1591 758 1650 in
776 1611 852 1674 quae
867 1601 935 1674 apte
950 1591 1091 1650 convenit
1103 1587 1229 1650 verbum

152 1703 299 1777 simmaa,
326 1697 449 1770 dmm,-
476 1695 533 1756 nisi
559 1695 659 1776 potius
685 1693 724 1752 ad
749 1695 852 1756 oculos
877 1695 976 1756 referri
1004 1693 1148 1770 debeant,
1175 1695 1229 1777 qui

150 1803 218 1862 item
251 1813 322 1862 sunt
348 1808 484 1882 ἀσιιμῒς,
511 1800 666 1873 indomiti,
690 1807 725 1858 ut
750 1798 943 1880 appellantur
963 1821 1005 1861 rs.
1027 1800 1103 1862 227:
1128 1802 1162 1862 in
1182 1797 1228 1860 his

150 1907 229 1966 enirn
253 1907 373 1966 Veneris
399 1903 511 1966 fabrica
541 1903 671 1964 maxime
698 1903 838 1964 cerruitur.
862 1935 904 1950 -
936 1905 1046 1987 Scripsi
1071 1916 1171 1966 autem
1193 1911 1229 1983 ἃς

151 2031 204 2092 pro
225 2015 277 2086 ὥς.
302 2015 368 2078 irai
390 2009 457 2094 σ(ι)’
484 2029 539 2091 pro
559 2008 709 2084 ῧσιισ(σ)’,
735 2029 796 2094 quo
827 2029 914 2092 saepe
935 2021 1063 2070 utuntur
1083 2013 1229 2072 Homerus

151 2126 179 2174 et
197 2114 374 2178 Herodotus·
405 2121 506 2190 llinsss
526 2119 555 2181 la
574 2121 655 2195 luds.
677 2118 836 2198 praeeunte
860 2115 1024 2177 Gaislordic
1044 2127 1074 2176 et
1094 2117 1228 2180 Brundis.

151 2218 242 2280 schol.
264 2219 352 2280 Arist.
373 2219 410 2282 de
430 2219 508 2283 coel.
528 2239 560 2302 p.
583 2218 643 2280 507
664 2241 697 2295 a,
722 2222 827 2303 recepi
844 2241 882 2281 ex
903 2221 1000 2284 Oxou.
1022 2221 1066 2299 A3
1088 2222 1185 2282 Oxou.
1206 2223 1230 2281 B
1297 2283 1307 2304 .

27 2391 28 2400 ¹
151 2328 278 2393 bleisum
298 2353 343 2403 ιι,
369 2327 455 2388 laur.
481 2329 614 2394 ἐδείκνυεν
638 2329 739 2408 ὄμβρῳ.
780 2323 862 2386 Alter
889 2335 989 2385 autern
1015 2347 1114 2387 versus
1141 2325 1228 2386 rariis

41 2435 45 2442 '
152 2431 245 2492 modis
266 2442 424 2514 corruptus
445 2443 499 2495 est.
527 2431 619 2492 Codd.
641 2431 728 2492 Tuur.
749 2436 764 2504 i
783 2435 813 2498 δί
834 2436 1029 2506 ἀποπνείουσα,
1052 2431 1107 2494 01.
1125 2432 1152 2492 A
1172 2431 1227 2504 W

101 2600 107 2613 ,
151 2541 341 2612 inaniores,
363 2539 418 2599 ΟΧ.
440 2539 461 2599 Β
483 2543 507 2603 si
527 2542 557 2604 lt
578 2542 781 2614 ὰσισιιίιιισσ,
802 2536 926 2598 Brandis
943 2535 991 2597 ed.
1009 2542 1023 2610 ἦ
1039 2537 1066 2601 δ’
1086 2541 1230 2605 ἐσσι-σισ-

149 2653 257 2713 ιῠιωι.
301 2643 390 2705 Iuitio
406 2645 580 2726 scripseram
594 2647 649 2720 il!
670 2651 859 2717 inescatam,
879 2643 966 2726 cujus
980 2643 1118 2704 lectionis
1135 2645 1230 2706 iuter-

149 2751 274 2834 pretatio
291 2749 410 2832 placide
430 2751 544 2830 adstans
564 2752 597 2810 in
617 2752 750 2812 versione
768 2751 885 2811 incurii
904 2747 1008 2810 relicta
1027 2759 1086 2826 est,
1106 2761 1227 2812 utrem

148 2854 283 2916 Brendis.
310 2853 379 2916 lect.
412 2855 492 2931 vidi,
522 2877 586 2915 non
614 2855 749 2916 dubitari
773 2856 919 2937 corrigere
939 2860 1015 2923 elisa
1041 2863 1226 2933 formiam,

148 2961 316 3021 mortalium
335 2962 446 3044 ᾕμασσε
467 2961 567 3021 sedulo
586 2963 727 3041 somam.
763 2969 910 3037 minden,
927 2965 1028 3023 sedulo
1043 2983 1147 3045 opere,
1158 2985 1229 3045 pro-

144 3085 259 3146 perare,
277 3064 455 3148 plerumque
474 3063 597 3150 quidem
610 3064 745 3126 absolute
761 3069 895 3148 ponitur,
911 3078 1008 3150 potest
1019 3078 1122 3131 tamen
1135 3091 1229 3131 accu-

149 3169 258 3230 sativus
277 3167 363 3244 addi,
384 3169 494 3252 pariter
514 3177 549 3228 nt
568 3174 695 3238 austras
714 3199 753 3238 σι.
801 3173 837 3232 Et
856 3171 898 3232 sic
918 3171 1061 3233 Pindarus
1078 3173 1168 3258 Pyth.
1183 3179 1225 3254 X,

150 3273 189 3334 40
202 3272 300 3356 (101)=
322 3279 393 3354 ipim
412 3281 544 3342 mmm
565 3286 664 3358 xlm,
691 3276 791 3336 sedulo
812 3297 907 3336 meum
928 3281 1053 3357 prolium
1073 3299 1225 3359 quassans.

188 3380 251 3439 Vss.
273 3378 422 3442 211-214.
462 3387 478 3453 ἧ
495 3385 526 3447 le
540 3391 616 3462 xlta
628 3413 668 3427 -
683 3385 871 3456 immolatis.)
910 3379 960 3440 His
973 3391 1003 3441 et
1016 3403 1080 3465 sqq.
1096 3383 1227 3446 versibus

150 3481 342 3560 describitur,
370 3487 523 3568 quomodo
544 3491 624 3550 certi
644 3488 862 3550 elementorum
882 3486 1023 3569 temperie
1043 3487 1140 3549 variae
1161 3498 1229 3550 corn

150 3608 257 3668 porum
279 3599 378 3671 partes
398 3601 428 3650 et
449 3590 583 3653 membra
597 3593 657 3654 sint
674 3591 813 3654 conflata.
856 3590 962 3653 Plenas
975 3581 1141 3654 hos-venus
1156 3595 1228 3654 citat

152 3691 321 3774 Simplicius
335 3693 423 3777 Phys.
442 3696 465 3756 l.
483 3695 506 3756 l.
524 3699 577 3782 qui
597 3697 682 3758 locus
697 3697 797 3758 adhuc
808 3698 908 3780 intpp.
921 3697 1013 3780 sugit,
1026 3695 1065 3756 ud
1078 3697 1227 3759 illa'Aris-
1311 3730 1316 3736 ·

152 3794 247 3856 totelis
267 3795 366 3875 rerba,
387 3803 434 3868 tut
453 3809 546 3883 μιιιιδι
566 3813 621 3886 γάρ
641 3829 671 3870 σι
688 3810 771 3884 μέρος
784 3803 978 3881 Ἐμσιδιιιλῆσ
991 3809 1226 3885 ιιιιιΔιιμόιιρισις

153 3911 204 3966 σιῦ
232 3907 319 3979 suove
343 3915 393 3972 set
412 3917 466 3975 σιῦ
486 3911 518 3974 ri
534 3910 562 3984 iis
581 3911 651 3976 sisar
670 3913 794 3988 idciro,
816 3907 890 3970 haec
910 3919 1075 3970 annotans:
1102 3919 1149 3976 sel
1170 3920 1223 3992 γὶι

154 4015 318 4174 ιισιῃῗύγςι
338 4021 393 4078 sust
412 4025 486 4082 ratri
502 4025 607 4097 odones
629 4025 676 4086 ιιιιὶ
696 4023 795 4085 ὀστοῦν
815 4025 863 4083 sel
882 4021 977 4083 ἄλλων
993 4016 1120 4084 ἕκαστον·
1140 4026 1223 4096 λέγει

240 4159 246 4173 .
1067 4121 1105 4180 lo
