3016 4840
618 313 859 368 maome·
1212 305 1275 368 ³11

204 495 332 557 natura
340 479 576 581 cognoscenda
586 483 811 556 nonomuino
822 479 921 556 tollit.
937 479 1278 576 Judtnvituntun

203 629 328 678 sensus
355 627 484 701 parum
515 602 633 702 valere
658 604 703 680 ad
730 603 893 682 universi
920 605 1010 698 vim,
1041 605 1214 704 principia
1240 619 1278 680 et

202 727 296 826 leges
322 723 629 824 perspiciendum
663 726 751 802 haec
775 753 849 801 non
877 727 1064 802 oculorum
1092 729 1187 820 visu,
1213 729 1276 804 sed

202 849 321 945 potius
347 845 475 920 mentis
500 847 574 920 acie
596 848 705 922 cerni.
753 847 939 948 Denique,
970 846 1069 948 quod
1095 847 1277 946 duplicem

203 967 377 1041 rationem
411 967 655 1068 distinguunt,
686 967 834 1058 alteram
873 967 1091 1061 divinam,
1128 967 1276 1044 alteram

202 1086 462 1178 humanam,
493 1087 529 1160 itl
560 1087 794 1164 referendum
816 1088 861 1162 ad
883 1088 1108 1189 Empedoclis
1127 1103 1277 1164 senten-

202 1211 307 1302 tiam,
347 1237 458 1312 quam
495 1208 598 1284 modo
636 1210 753 1309 tetigi,
797 1225 990 1310 angustum
1028 1236 1103 1286 esse
1141 1211 1277 1310 ingenii

203 1331 354 1406 humani
386 1345 553 1432 captum,
589 1355 712 1406 rerum
744 1357 870 1406 arcana
907 1331 1046 1431 vulgari
1081 1331 1278 1406 intellectui

203 1451 426 1547 abscondita,
452 1477 522 1527 nec
551 1453 617 1526 nisi
645 1451 788 1526 divinae
815 1451 946 1524 mentis
973 1451 1094 1526 afflatu
1124 1453 1274 1552 agnosci.

251 1578 310 1650 Ex
331 1574 401 1668 his,
420 1599 515 1675 quae
535 1573 697 1674 exposui,
717 1573 904 1667 universe,
921 1599 1016 1674 quae
1033 1575 1077 1648 sit
1094 1572 1276 1674 Empedo-

202 1695 265 1770 clis
287 1695 471 1789 voluntas,
494 1720 589 1794 quae
612 1692 881 1794 philosophandi
906 1695 1013 1787 ratio,
1035 1693 1126 1769 effici
1149 1709 1275 1795 potest.

201 1823 328 1914 Quum
348 1816 501 1910 videret,
521 1813 712 1890 imbecillos
733 1836 808 1890 esse
828 1839 968 1907 sensus,
987 1816 1142 1892 infinitas
1162 1833 1200 1892 et
1220 1818 1277 1890 in·

202 1940 342 2034 stabiles
358 1953 508 2013 naturae
525 1961 594 2030 res,
605 1935 790 2038 judicarit,
810 1959 882 2010 nou
899 1960 1073 2016 sensuum
1091 1937 1279 2036 facultate,

201 2091 276 2140 non
299 2089 422 2138 rerum
447 2059 666 2135 naturalium
687 2057 910 2157 indagatione
932 2071 1082 2132 naturae
1104 2061 1278 2158 cognitio-

202 2211 288 2260 nem
313 2187 408 2286 pari,
438 2182 501 2258 sed
524 2181 654 2254 mentis
678 2179 751 2252 acie
772 2177 888 2252 defixi
909 2179 948 2250 in
973 2177 1101 2252 mundi
1124 2182 1276 2278 speciem

201 2309 303 2410 quasi
317 2307 489 2385 divinitus
505 2301 626 2378 animo
643 2299 807 2374 oblatam.
859 2298 959 2371 Hanc
975 2298 1033 2372 ille
1050 2299 1212 2395 intuens,
1233 2302 1277 2376 ad

201 2431 279 2530 ejus
303 2427 510 2528 exemplum
530 2439 567 2499 et
586 2419 858 2496 similitudinem
879 2445 1002 2494 rerum
1023 2433 1189 2496 naturam
1209 2422 1280 2498 de·

201 2554 349 2652 scripsit.
387 2547 561 2642 Quocirca
577 2569 650 2618 non
668 2545 817 2634 mirum,
837 2543 867 2616 si
884 2540 1131 2640 Empedocles,
1150 2569 1280 2644 quam·

200 2677 255 2750 vis
269 2671 417 2773 diligens
434 2681 585 2742 naturae
602 2662 793 2762 indagator,
808 2661 992 2736 interdurn
1008 2677 1128 2738 tamen
1147 2691 1278 2763 parurn

201 2794 309 2871 anxie
328 2792 524 2883 curaverit,
544 2813 636 2860 num
658 2784 807 2885 cogitata
827 2811 892 2858 sua
913 2797 950 2857 et
970 2787 1099 2859 mentis
1118 2789 1279 2862 notiones

200 2940 433 2992 cumrerum
457 2909 620 2986 sensibus
638 2905 879 3008 subjectarum
903 2909 1034 2981 natura
1060 2907 1166 3006 plane
1190 2935 1279 2984 con-

201 3047 398 3140 gruant11,
412 3075 459 3092 -
473 3031 535 3107 sed
551 3032 680 3105 mentis
693 3029 821 3128 spiritu
834 3028 1021 3100 incitatum
1035 3029 1217 3104 interdum
1229 3036 1278 3106 ita

232 3264 290 3332 (rr)
305 3261 369 3314 Ideo
385 3257 570 3330 perstringitur
586 3274 601 3308 a
618 3255 713 3308 Galenc
730 3255 798 3324 accpi
814 3253 909 3304 ἅπλῦν
926 3271 1010 3322 φορμ.
1036 3255 1111 3324 apoc.
1132 3259 1172 3318 ll,
1193 3257 1276 3326 princ.

200 3357 229 3408 Τ.
241 3355 356 3422 xl11,p.
371 3351 403 3404 30
420 3367 459 3420 aq.
494 3347 580 3400 Chart.
599 3345 681 3398 Locus
697 3347 798 3412 longior
814 3353 868 3408 τοῖς
886 3345 1025 3414 praecipua
1038 3345 1193 3416 excerpsisse
1204 3346 1275 3400 suffi-

200 3449 267 3502 ciata
282 3447 354 3514 Φέρε
370 3444 414 3508 δὲ,
428 3429 447 3494 oi
464 3443 531 3512 πρὸς
545 3441 636 3500 θεῶν,
651 3441 733 3506 εἴπερ
747 3438 799 3504 syo
813 3440 864 3488 νῦν
879 3437 1027 3507 ἀρξάμενος
1040 3421 1096 3490 οἶδέ
1106 3455 1162 3498 πως
1174 3438 1275 3506 λέγων,

202 3543 253 3607 ὥς,
269 3542 412 3609 τεττάρων
428 3537 513 3590 ὄντων
529 3537 688 3602 στοιχείων,
708 3567 716 3582 .
733 3567 740 3582 .
757 3530 898 3591 ,οὐδενὸς
914 3529 999 3582 ἄλλον
1017 3529 1156 3595 tripentis
1171 3533 1229 3583 ἐστι
1244 3535 1276 3584 τὸ

202 3637 300 3689 λευκὸν
311 3635 360 3686 aui
370 3631 497 3700 λαμπρὸν
508 3629 604 3698 χρὸμα
616 3625 689 3696 πλὴν
699 3623 785 3694 αὐγῆς
796 3627 844 3676 nni
857 3625 951 3696 πυρός,
967 3618 1031 3678 εἶτα
1043 3625 1092 3674 nul
1103 3625 1153 3676 τὸν
1163 3621 1277 3688 Ἐμαρ-

204 3729 307 3784 contla
326 3727 374 3781 acl
391 3725 491 3784 ἄλλους
507 3741 585 3780 τινας
601 3721 649 3773 lael
664 3721 702 3791 τῷ
715 3718 788 3787 λόγῳ
805 3719 921 3778 καλέσας
937 3720 1091 3788 μάρτυρας,
1113 3720 1226 3769 ἅπαντα
1241 3719 1279 3770 τὰ

204 3824 315 3892 λαμπρὰ
326 3820 441 3886 σώματα
451 3819 536 3886 πυρὸς
549 3816 683 3869 πλείστου
695 3815 826 3882 μετέχων
837 3813 1021 3880 dassaretas,
1032 3811 1169 3879 ἀμελήσας
1179 3809 1276 3875 ἐμβλέ-

202 3933 254 3978 ωω
269 3917 355 3986 χιόνι.
366 3948 389 3967 ..
401 3915 504 3982 ἑτέρως
516 3930 548 3964 τε
558 3911 663 3980 μυρίοις
672 3909 726 3960 τῶν
739 3907 939 3974 λαμπροτάτων
950 3907 1008 3969 ἅμα
1023 3906 1071 3956 nal
1082 3904 1274 3973 ψυχροτάτων,

206 4005 267 4066 εἶτά
284 4029 356 4070 τινος
374 4007 445 4062 aare
460 4003 723 4076 προχειριζομένοω,
743 3996 792 4054 τὸν
810 4001 864 4054 ἀπὸ
881 4006 930 4068 τῆς
948 4002 1144 4066 αἰσθήσεως
1160 3997 1277 4068 ἔλεγχον
