2968 4838
237 314 300 377 488
628 323 676 370 nr
698 321 914 372 rnrnnocus

236 489 526 593 inquoopposita
543 488 717 565 elementa
728 489 922 590 aequaliter
931 487 1005 562 sint
1015 497 1223 584 temperata.
1254 485 1312 556 Ex

236 614 292 688 his
303 610 469 686 omnibus
480 623 636 708 apparet,
646 608 898 708 Empedoclem
909 605 1055 682 oculum
1067 607 1114 678 ita
1125 605 1310 693 formasse,

236 748 280 810 ut
297 747 369 806 tam
388 731 461 808 luci
471 757 583 832 quam
599 731 693 808 nocti
710 729 938 830 responderet
953 742 991 804 et
1006 753 1091 802 oum
1109 724 1311 824 utriqueei

234 853 470 930 intercederet
489 866 618 928 mutua
630 849 877 932 necessitudo:
899 849 980 924 lnce
1002 847 1190 948 caliginem
1208 844 1311 920 oculo

235 977 375 1050 insitam
400 975 501 1074 quasi
522 971 676 1072 dispelli,
699 970 853 1046 tenebris
874 967 1002 1044 lumen
1029 969 1123 1044 oculi
1143 968 1309 1066 opprimi.

280 1217 382 1292 Hanc
405 1215 500 1295 visto
522 1216 731 1316 temperiem
751 1239 947 1313 congruam
966 1238 1116 1314 qnoque
1137 1211 1310 1311 judicavit

231 1337 468 1438 percipiendis
489 1336 721 1428 coloribus,
743 1334 881 1426 dicens,
902 1334 1053 1410 humore
1076 1337 1222 1433 nigrum
1244 1358 1309 1405 co-

228 1459 361 1552 lorem,
380 1461 454 1562 igni
469 1457 662 1532 candidum
680 1458 779 1531 cerni
796 1457 876 1546 ²⁹⁶5
893 1456 1200 1556 quemadmodum
1218 1455 1309 1528 uni-

186 1659 191 1669 ,
230 1607 334 1657 verse
355 1581 469 1657 simile
491 1579 594 1654 simili
616 1579 750 1678 percipi
778 1578 907 1670 rolnit3
931 1577 1062 1652 colores
1085 1593 1209 1652 autem
1233 1601 1309 1652 esse

228 1727 418 1800 corporum
447 1699 653 1774 effluxiones
682 1701 721 1772 in
748 1697 870 1774 oculos
894 1700 1069 1772 intrantes
1095 1723 1160 1797 per
1186 1725 1309 1798 poros3

224 1822 324 1896 unde
345 1821 462 1902 ducta,
476 1821 536 1896 illa
565 1819 724 1897 Platonis
748 1821 921 1899 definitio:
948 1818 1024 1896 ἐστὶ
1045 1822 1138 1920 χρέο
1164 1821 1308 1920 tropat,

225 1942 418 2046 σχημάτων
446 1940 523 2035 ὄψει
548 1948 737 2042 σύμμετρος
762 1946 819 2018 κο)
847 1942 998 2032 αἰσθητάς
1012 1951 1093 2014 ²⁹⁷·
1141 1944 1210 2018 Sed
1231 1971 1306 2021 uon

223 2066 340 2140 solum
368 2064 501 2140 colores
530 2064 596 2138 hoo
617 2065 739 2158 modo,
762 2068 1020 2140 verumetiam
1045 2065 1175 2140 formas
1199 2069 1307 2140 acfi-

224 2213 331 2288 gures
355 2189 472 2280 cerni3
496 2185 594 2284 quod
620 2185 735 2284 tangit
762 2183 977 2262 Plutarchus
1000 2186 1136 2262 dicens:
1167 2191 1306 2263 Demo-

226 2312 357 2384 critum
379 2333 539 2398 censere,
562 2333 619 2382 res
640 2307 739 2382 cerni
763 2309 958 2382 simulacris
978 2311 1016 2382 in
1041 2309 1160 2384 oculos
1183 2311 1305 2384 incur·

226 2429 387 2505 rentibus
403 2430 496 2529 (κοτ’
514 2427 649 2506 siluros
667 2431 870 2530 εἷσορὶσεςς);
888 2433 986 2524 alios,
1003 2433 1107 2506 radiis
1126 2459 1172 2506 ex
1193 2433 1304 2508 oculis

225 2552 458 2627 emicantibus
465 2581 476 2646 3
510 2551 739 2652 Empedocles
768 2579 876 2646 vero,
897 2555 1033 2654 inquit,
1063 2560 1131 2636 σοῖς
1163 2553 1304 2638 εἰδώλοις

225 2671 290 2754 τοὶς
307 2673 442 2756 ἀκτῖνος
461 2673 614 2770 ἀνέμιξε,
631 2681 903 2774 προσαγορεύσας
921 2675 959 2749 rl
978 2679 1172 2774 γεγνόμενον
1189 2677 1304 2754 clert-

224 2824 292 2878 νος
311 2794 492 2888 εἰδώλου,
508 2795 665 2877 συνθέτως
676 2801 755 2868 ²⁹⁸.
770 2799 794 2870 i.
806 2823 839 2871 e.
853 2800 980 2896 oEmp.
991 2799 1178 2876 oculorum
1190 2799 1302 2874 radios

260 2999 336 3067 (sset
351 2997 423 3050 trusos
438 2997 485 3050 hos
502 2999 602 3052 colores
617 2999 705 3067 posuit
721 3005 845 3068 tanquam
861 2998 1130 3070 praecipuos,qnibns
1141 3003 1234 3074 reliqui
1249 3005 1299 3057 sint

226 3087 343 3156 subjecti.
357 3089 390 3140 In
406 3087 478 3140 scob.
494 3087 556 3140 neit.
566 3087 642 3154 Phys.
654 3089 680 3149 1,
700 3103 743 3151 17,
755 3104 780 3156 p.
795 3087 858 3149 364,
870 3089 941 3156 Eup.
952 3089 1047 3140 dicitur
1056 3099 1170 3160 quatuor
1182 3095 1299 3147 statuisse

226 3179 338 3240 colores,
354 3187 470 3247 quatuor
482 3177 614 3230 elementis
632 3187 815 3244 congruentes.-
833 3181 957 3248 τέτταρα
973 3181 1232 3252 &destructilem
1246 3190 1299 3240 ted·

225 3274 333 3342 ροθμοο,
353 3268 463 3335 truste,
485 3270 588 3333 μέλοοο,
607 3270 742 3338 ἐρυθρόν,
761 3270 857 3344 ὠχρός.
893 3273 947 3324 Nisi
966 3272 1030 3328 haec
1047 3274 1144 3328 inserta
1158 3277 1210 3329 sint
1228 3283 1299 3342 (narn

223 3363 297 3416 loeus
314 3360 417 3414 Stcbaei
433 3360 605 3430 interpolatus
626 3366 690 3424 est),
707 3361 793 3429 potius
810 3363 902 3426 credo,
920 3379 980 3418 sum
998 3361 1063 3415 door
1080 3367 1235 3433 posteriores
1252 3367 1299 3418 illis

226 3452 419 3520 adjunxissent
437 3457 575 3518 cognatos,
597 3451 644 3504 its:
670 3451 768 3506 λευκὸν
792 3456 840 3504 sal
861 3456 999 3525 ἐρυθρόν,
1023 3456 1110 3518 μέλαν
1134 3461 1182 3508 est
1203 3459 1297 3528 ὦχροι.

228 3542 324 3596 Similia
341 3539 406 3594 haec
423 3541 453 3592 iis
472 3557 539 3611 quse
558 3541 585 3591 in
609 3542 710 3594 Timaeo
733 3545 808 3596 Locr.
828 3563 851 3598 e.
870 3563 898 3600 ιο
914 3547 1043 3615 leguntur.

257 3635 333 3700 (²97)
350 3630 423 3682 Plato
439 3631 543 3682 Menon.
562 3648 587 3700 p.
602 3633 634 3696 76
646 3633 676 3684 D.
687 3633 720 3684 cs.
736 3651 813 3704 supra
825 3653 849 3705 p.
863 3638 919 3706 397.
953 3637 1160 3704 Troglttristot.
1172 3642 1206 3696 de
1218 3645 1296 3697 Sensn

224 3738 246 3776 o.
266 3721 294 3780 3,
314 3739 338 3790 p.
359 3719 406 3782 514
423 3721 460 3776 Ha
479 3725 510 3774 τὸ
525 3721 575 3787 ple
591 3709 654 3788 otis,
671 3725 760 3796 ὥσπερ
778 3729 804 3778 οἱ
818 3731 944 3798 ἀρχαῖοι,
961 3731 1053 3798 λέγειν
1068 3731 1299 3802 ἀπορῤοὲαςεῖνω

225 3817 273 3872 τὰς
293 3813 377 3884 χρόας
394 3817 441 3864 καὶ
460 3815 580 3886 dosiades
600 3821 647 3870 διὰ
667 3820 801 3889 τοιαύτην
820 3826 934 3886 αἰτίαν,
950 3824 1063 3888 tirones.

258 3907 330 3972 (298)
346 3905 474 3960 Plutarcln
497 3907 562 3964 rtsc.
585 3907 647 3980 phil.
669 3911 713 3972 1v,
738 3912 779 3977 135
804 3931 882 3984 quem
902 3933 917 3968 e
941 3917 1035 3971 Galeco
1057 3918 1122 3972 utsr.
1142 3919 1204 3990 phil.
1226 3923 1297 3974 XXV

167 4025 172 4040 .
225 3993 371 4050 emendarit
390 3994 503 4050 Bcelrius.
571 4009 574 4018 ’
