2952 4836
270 341 333 406 tit
663 351 709 399 na
732 349 949 401 aarnnocnts

267 522 441 596 elementa
479 531 623 594 movent
657 515 911 618 mundumque
945 517 1198 612 moderantur,
1234 521 1341 594 altera

267 643 461 716 concentus
493 653 530 714 et
557 639 782 729 barmoniae,
815 637 923 712 altera
947 637 1202 738 discrepantiae
1226 656 1264 714 et
1286 643 1342 715 di-

267 763 438 839 versitatis
462 759 640 853 effectrix,
663 761 702 832 in
726 758 878 858 singulis
900 785 1048 861 quoqne
1065 763 1203 834 naturis
1219 761 1343 838 rebus·

266 905 341 984 que
375 883 517 957 insunt·
537 895 574 955 et
610 878 687 958 vim
722 905 825 955 snam
860 879 1055 954 ostendunt
1072 883 1129 952 ⁶0.
1181 883 1341 957 Amicitia

265 1003 422 1080 diversae
449 1003 626 1102 cujusque
649 1003 803 1100 corporis
826 995 963 1100 partes,
991 999 1151 1074 membra
1180 1015 1218 1076 et
1244 1018 1342 1078 artua

266 1139 349 1225 apte
385 1123 580 1216 consociat,
613 1125 850 1222 repugnantia
887 1122 984 1196 inter
1017 1147 1054 1195 se
1085 1123 1271 1220 conciliat,
1300 1127 1341 1199 ad

267 1245 491 1320 harmoniam
514 1243 714 1342 componit3
738 1243 915 1318 Discordia
931 1247 1122 1319 contrarias
1136 1262 1255 1346 partes
1270 1247 1341 1321 dis·

267 1365 392 1460 trabit,
417 1365 571 1438 alterum
596 1364 641 1438 ab
664 1363 775 1438 altero
799 1365 938 1440 divellit
959 1381 996 1440 et
1017 1367 1057 1440 in
1079 1366 1217 1444 diversa
1239 1372 1340 1469 rapit.

267 1489 394 1590 Itaque
426 1488 526 1560 utin
555 1485 685 1560 mundi
705 1486 870 1586 exemplo
894 1486 1124 1562 describendo
1144 1491 1342 1564 Amicitiam

265 1609 369 1707 fingit
389 1608 507 1680 omnia
532 1607 571 1680 in
592 1605 762 1706 sphaerae
787 1607 937 1682 modurn
961 1623 998 1682 et
1024 1611 1178 1708 speciem
1200 1637 1343 1710 compo-

266 1727 401 1820 suisse,
436 1727 651 1802 Discordiam
686 1727 725 1800 in
756 1727 895 1804 diversa
925 1729 1087 1804 membra
1117 1729 1345 1825 dilacerasse3

266 1851 317 1924 sic
350 1851 388 1923 in
422 1847 571 1950 singulis
606 1847 811 1949 corporibus
841 1848 900 1922 illa
926 1849 1216 1953 unumquodque
1241 1852 1343 1928 efficit

266 1983 384 2046 totum
407 1985 444 2046 et
464 1973 669 2071 integrum,
692 1971 782 2046 baec
805 1969 982 2048 dismrbat
1005 1986 1042 2047 et
1065 1975 1104 2046 iu
1128 1989 1265 2048 atomos
1289 1975 1342 2048 di·

267 2092 367 2171 vellit
380 2095 437 2168 ⁶².
487 2093 568 2194 lpse
583 2094 623 2167 in
640 2093 799 2167 carmine
820 2107 988 2170 mutuam
1005 2095 1198 2195 utriusque
1214 2098 1290 2170 vim
1306 2099 1342 2168 in

268 2214 377 2290 rebus
388 2213 596 2292 mortalibus
611 2228 773 2308 testatur,
789 2241 909 2317 quum
918 2214 1067 2291 alteram
1078 2217 1186 2312 ritae,
1199 2215 1342 2292 alteram

266 2339 365 2412 necis
388 2351 569 2412 auctorem
591 2333 678 2411 dicit
693 2339 759 2432 ⁶²3
782 2337 841 2412 illa
866 2349 984 2439 partes
1001 2337 1178 2414 sociabiles
1196 2339 1292 2413 inter
1308 2363 1342 2412 ae

266 2474 471 2561 temperans
504 2460 543 2531 in
576 2479 793 2532 consensum
822 2457 966 2558 redigit,
997 2459 1086 2534 haec
1116 2457 1344 2534 dtaouabitas

144 2559 146 2566 ¹
268 2587 312 2654 ad
333 2580 599 2656 contentionem
622 2579 774 2679 impellit
787 2581 846 2654 ⁶³.
882 2581 1045 2657 Amicitia
1068 2582 1163 2655 etin
1182 2579 1343 2655 cordibus

266 2701 457 2776 bominum
479 2723 656 2794 amorem,
676 2701 966 2801 conjunctionem
991 2727 1190 2802 pacemque
1213 2701 1343 2794 alit⁶⁴3

258 2822 378 2922 bnjna
398 2822 558 2924 deniqne
583 2847 670 2896 cura
694 2821 955 2922 pulcerrimum
976 2821 1140 2925 quidque
1159 2825 1199 2896 in
1220 2847 1343 2896 rerum

268 2958 398 3018 natura
420 2945 599 3044 componit
617 2959 655 3018 et
678 2959 792 3018 ornat.
816 2943 926 3038 Quid,
945 2945 1104 3045 exempli
1121 2945 1244 3046 gratia,
1259 2942 1343 3043 pul·

267 3065 365 3140 crim
387 3067 426 3139 in
448 3065 607 3139 bumano
632 3091 796 3166 corpore,
825 3065 916 3166 quid
945 3065 1189 3141 admirabilius
1214 3063 1342 3156 oculis,

267 3189 332 3286 qui
360 3188 552 3287 praecipue
577 3185 731 3262 Veneria
753 3185 828 3266 aira
855 3188 1040 3264 Amicitiae
1064 3213 1156 3288 opna
1175 3200 1264 3262 aunt
1287 3186 1341 3256 ⁶⁵.

295 3415 357 3485 (59)
380 3415 499 3472 Vidimus
515 3417 550 3472 da
566 3417 607 3470 bis
624 3433 703 3488 supra
723 3421 815 3488 §pet
830 3435 875 3482 ιο,
890 3436 917 3490 p.
936 3419 1060 3492 dbo'aqq.

296 3505 353 3569 (6ο)
374 3507 480 3578 Emped
500 3523 538 3560 ιι.
562 3525 619 3579 ¹⁰9·

297 3595 354 3666 (aa)
374 3595 505 3650 Plutarcb.
524 3597 558 3652 dc
576 3599 652 3653 Facie
673 3599 733 3654 orb.
755 3601 821 3652 Lun.
836 3599 894 3653 Vol
916 3601 968 3666 IX,
988 3619 1015 3672 p.
1036 3601 1086 3654 662
1106 3617 1141 3670 sq.
1162 3597 1249 3652 natat

297 3687 354 3755 (tia)
374 3687 480 3757 supet
499 3703 537 3742 ιι.
557 3687 606 3741 665
625 3705 681 3760 sqq.

298 3776 356 3844 (63)
377 3775 452 3830 Idam
468 3791 505 3830 ιι.
517 3776 658 3840 dab-ddi.
675 3779 714 3832 ad
724 3779 867 3833 Amicitiam
880 3795 986 3852 quoqne
999 3780 1165 3835 referendum
1177 3779 1240 3832 iliud
1254 3779 1341 3843 spuo

267 3867 363 3934 ὅμοιον
380 3867 524 3937 ἐφίεσθαι,
545 3865 578 3919 da
595 3883 648 3938 qno
667 3871 777 3937 rupra§
803 3869 846 3932 ι6,
867 3885 894 3940 p.
914 3869 964 3938 ³95
979 3887 1019 3941 sq.

297 3956 607 4029 &mmmm

299 4046 470 4110 rostratas.
491 4061 538 4112 aar
559 4063 596 4118 aq.
614 4047 646 4100 aa
667 4047 861 4114 Laurentum,
877 4048 921 4105 dia
938 4049 1061 4106 uertet
1082 4049 1108 4104 d
1130 4050 1204 4119 sap.
1224 4065 1250 4118 p·
1272 4045 1322 4098 ata.
