3016 4840
255 379 319 440 350
654 395 701 440 cn
724 395 940 444 unrnnocms

254 559 403 637 cordia?
465 561 605 636 Verum
644 563 888 661 interpretatio
930 563 1018 638 baec
1055 581 1109 639 est
1143 595 1165 640 e
1200 571 1338 646 aerioma

253 683 433 758 doctrinae
473 684 609 782 placitis
652 684 859 783 depmmpta
892 695 980 778 ¹¹⁹,
1022 685 1068 759 ab
1110 689 1336 788 Empedoclis

254 831 339 880 vero
368 809 542 882 sententia
572 807 698 880 aliena.
749 805 841 880 Nam
869 809 935 880 etsi
965 834 1033 882 nec
1064 809 1242 884 elementa
1274 812 1335 886 in-

253 941 311 1002 ter
345 953 383 1000 se
432 939 552 1031 neque
600 931 688 1002 baec
719 956 738 1001 a
774 943 926 1002 naturae
960 930 1097 1006 viribus
1130 934 1212 1006 satis
1241 932 1335 1032 juste

252 1053 432 1152 planeque
473 1049 674 1124 distinxerit
714 1075 783 1122 nec
820 1051 959 1150 singula
1000 1053 1131 1126 horum
1171 1069 1335 1129 accurato

252 1171 471 1266 definiverit,
503 1196 606 1244 suam
638 1183 758 1243 tamen
787 1170 937 1271 singulis
957 1171 1084 1248 tribuit
1105 1189 1274 1249 naturam
1297 1189 1334 1249 et

251 1306 473 1394 potestatem.

300 1415 428 1513 Itaque
465 1414 494 1485 si
520 1413 683 1484 Amicitia
717 1427 754 1484 et
780 1413 957 1487 Discordia
989 1413 1161 1488 universe
1190 1441 1333 1490 caussae

251 1549 394 1632 egentes
415 1548 452 1607 et
473 1547 656 1608 moventes
678 1533 747 1605 dici
770 1549 975 1634 nequeunt,
1002 1535 1204 1628 videamus,
1239 1563 1334 1638 quae

251 1661 296 1730 sit
311 1657 454 1755 propria
470 1682 597 1729 earum
614 1657 701 1728 actio
718 1671 756 1728 et
771 1653 928 1729 officium
944 1655 1004 1754 (*).
1049 1657 1282 1756 Empedocles
1296 1659 1333 1732 id

250 1805 324 1852 non
347 1778 496 1851 obscure
520 1756 667 1868 indicat,
693 1792 804 1877 atque
825 1777 950 1867 exiis,
974 1803 1069 1877 quac
1092 1777 1267 1852 haetenus
1286 1779 1333 1852 de

249 1927 327 1975 uno
352 1915 390 1973 et
415 1899 602 1974 elementis
631 1899 839 1990 retulimus,
873 1896 909 1970 id
932 1900 1014 1972 satis
1035 1925 1206 1998 apparere
1226 1899 1333 1976 vide·

249 2041 322 2098 tur.
370 2021 534 2097 Amicitia
562 2023 679 2113 enim,
713 2035 757 2094 ut
783 2019 954 2112 vidimus,
984 2036 1114 2094 cuncta
1140 2021 1181 2094 in
1211 2047 1333 2096 unum

248 2143 454 2220 conciliabat
481 2159 518 2218 et
543 2149 682 2242 σφαῖραν
704 2141 922 2236 continebat3
943 2141 1121 2216 Discordia
1147 2169 1268 2217 unum
1291 2145 1331 2216 in

247 2269 387 2342 diversa
404 2266 594 2342 dirimebat
609 2268 780 2367 variaque
798 2264 915 2338 effecit
934 2263 1122 2338 elementa.
1173 2267 1331 2339 Demon-

248 2403 361 2462 strant
382 2389 447 2462 boc
469 2391 580 2489 ipsius
605 2413 730 2464 versus
748 2401 785 2460 et
806 2413 882 2460 nna
903 2411 988 2462 voce
1006 2401 1203 2486 agnoscunt
1218 2389 1332 2460 inter-

247 2524 376 2608 pretes.
428 2509 663 2608 Philoponus:
688 2506 916 2602 ’Ἐμπεδοκλῆς
937 2506 1006 2584 θέον
1026 2515 1133 2584 mdo
1152 2512 1206 2584 τὸν
1223 2515 1331 2604 rbus*-

247 2659 317 2728 ρον,
339 2634 395 2721 τὴν
419 2635 480 2726 μὲν
505 2633 617 2705 nnio
638 2629 766 2706 ἐπαινεῖ
787 2633 828 2711 ὡς
855 2631 962 2706 αἰτίαν
984 2638 1103 2706 τούτου
1129 2635 1172 2729 τῇ
1198 2629 1332 2708 πάντων

246 2755 429 2852 murlo-se·
461 2756 500 2828 rb
532 2753 572 2830 δὲ
603 2759 719 2836 Νεῖκος
753 2751 857 2854 ψέγει
885 2757 927 2835 cir
949 2751 1143 2853 draaprrrcbr
1164 2765 1223 2829 τοῦ
1249 2752 1329 2832 θεοῦ.

246 2875 466 2974 Simplicius:
505 2875 731 2972 Ἐμπεδοκλῆς
762 2878 965 2976 συναγαγὼν
995 2878 1147 2976 πρότερον
1178 2880 1242 2954 ὑπὸ
1271 2884 1331 2969 τῆς

245 2997 360 3078 Φιλίας
379 2999 427 3073 rb
444 3003 622 3100 στοιχεῖα,
638 2997 775 3100 ὕστερον
791 3003 854 3075 ert
872 3009 932 3074 τοῦ
947 3001 1085 3082 Νείκους
1103 2999 1330 3099 sirmondum

246 3129 362 3196 τοῦτον
380 3124 436 3198 τὸν
454 3123 578 3220 κόσμον
596 3125 804 3214 πεποιηκέναι
822 3125 1014 3219 crotone
1052 3125 1111 3197 osi
1130 3123 1327 3218 Discordia,

245 3244 293 3316 ait
308 3240 533 3339 Aristoteles,
552 3249 592 3320 in
610 3248 718 3324 rebus
738 3261 890 3320 naturae
910 3271 983 3319 non
1002 3261 1109 3340 esset,
1125 3243 1327 3320 secundum

279 3389 354 3457 (¹¹9)
371 3390 412 3442 Sic
429 3391 580 3445 Aristoteles
594 3393 781 3446 elementorum
799 3392 851 3444 duo
869 3391 930 3446 usit
946 3397 1094 3463 ποιητικά,
1107 3391 1216 3446 calidum
1234 3401 1262 3444 et
1279 3393 1325 3443 fri·

242 3479 343 3548 gidusa,
361 3497 382 3533 ι.
394 3481 479 3548 ignem
491 3489 518 3534 et
531 3487 640 3552 adrem,
656 3484 710 3536 duo
722 3487 880 3553 παθητιιά,
893 3485 995 3538 aridum
1008 3485 1197 3546 abramidum
1216 3483 1327 3538 uereor.

242 3573 288 3636 lv,
307 3589 331 3631 r.
348 3571 374 3634 4·
416 3571 523 3624 Proclur
544 3574 698 3640 humidum,
718 3579 771 3630 sire
792 3583 880 3632 adrem
901 3584 928 3630 et
950 3593 1061 3647 aquam,
1083 3577 1144 3630 lacit
1165 3578 1325 3630 συνεκτικὸν

242 3669 329 3715 terrae
348 3670 376 3714 et
391 3662 469 3728 ignis,
489 3664 517 3714 in
529 3663 594 3718 Pur.
608 3668 672 3720 Tim.
691 3669 741 3729 111,
758 3685 784 3738 p.
806 3669 862 3732 144.

274 3753 314 3820 (¹)
332 3753 372 3805 Sic
384 3755 490 3809 amur.
500 3758 592 3810 Gesser-
604 3767 633 3811 οἱ
640 3759 712 3810 Con.
725 3761 760 3823 ll,
769 3761 792 3812 ἃ
802 3779 829 3829 p.
840 3760 891 3824 4⁰5
900 3760 927 3810 B:
944 3762 976 3812 od
989 3763 1047 3831 γὰρ’
1056 3763 1093 3829 δὴ
1105 3764 1124 3829 d
1138 3763 1218 3824 oolla
1231 3765 1280 3816 aul
1289 3765 1323 3816 τὸ

242 3853 331 3905 νεῖκος
350 3845 422 3917 (tort
446 3851 479 3900 τὸ
502 3852 595 3901 κινοῦν
616 3850 749 3921 πρῶτον),
768 3853 838 3904 ἀλλά
855 3874 958 3913 τινος
977 3860 1103 3923 κινήσεως
1120 3861 1215 3908 ταῦτα
1233 3859 1322 3924 aisse,

152 3983 155 3988 .
240 3935 257 3985 i.
277 3953 301 3988 e.
320 3947 404 3990 omae
421 3942 553 4012 cujusda·
568 3943 691 3994 minate
710 3945 860 4012 effectrices.

274 4025 347 4167 (ιπίο)
363 4027 461 4099 Philop.
474 4031 500 4082 in
512 4030 618 4085 aristot.
628 4031 661 4086 dc
674 4035 766 4090 Gener.
778 4045 805 4088 et
818 4039 892 4090 Corr.
904 4041 942 4102 ll,
954 4039 972 4090 l.
987 4038 1020 4110 59
1032 4041 1061 4092 Α.
1084 4039 1198 4110 Simplic
1209 4041 1243 4094 de
1252 4040 1322 4094 Coel-

241 4118 295 4178 lll,
324 4154 331 4169 .
352 4117 398 4178 145
415 4120 434 4170 B
449 4127 476 4172 et
495 4119 564 4172 alibi.
