2952 4836
243 346 309 410 386
638 368 685 415 nn
708 361 923 413 stermonius

243 529 371 602 mundi
398 531 505 604 lenies
531 545 626 604 certo
650 530 774 604 ordine
797 527 864 602 sibi
888 527 1125 600 succedentes.
1178 529 1327 622 Agnos-

242 652 357 724 cintus
380 651 417 723 in
446 653 511 726 hoc
536 656 733 753 priscorum
760 655 946 750 poetarum
969 650 1156 738 rationem,
1179 652 1247 747 qui
1269 650 1323 721 si-

244 769 375 846 militer
409 801 427 846 s
463 774 549 849 choo
575 785 723 864 terrum,
759 786 896 845 nterm
922 769 1080 862 eoelum,
1105 769 1190 843 inde
1211 793 1324 843 omne

243 892 391 968 deorum
414 911 449 968 et
473 896 672 971 mortalium
698 913 812 996 genus
835 891 1051 992 repetebant.

291 1015 389 1088 Num
419 1033 539 1090 tamen
567 1015 797 1114 Empedocles
825 1013 953 1087 mundi
984 1013 1156 1112 originem
1184 1027 1222 1084 et
1249 1037 1320 1086 nn—

242 1147 361 1208 turnm
397 1163 520 1213 revere
551 1137 618 1210 hoc
648 1136 772 1210 ordine
804 1159 1020 1234 progressam
1045 1159 1119 1206 esse
1143 1133 1316 1224 voluerit,

242 1281 287 1325 nn
322 1261 459 1354 poetico
493 1259 660 1358 figmento
690 1260 839 1356 cogitata
867 1283 933 1330 sua
961 1257 1160 1347 ornaverit,
1191 1257 1320 1332 merito

240 1375 439 1453 dubitetur.
490 1380 597 1468 Sene,
637 1380 664 1450 si
703 1381 845 1477 proprie
878 1377 1021 1450 locutus
1050 1377 1112 1466 sit,
1143 1378 1218 1474 ipse
1253 1376 1318 1450 sibi

238 1523 366 1595 perum
408 1513 595 1597 congruat:
639 1504 666 1571 si
702 1501 799 1572 enim
830 1513 972 1572 aeterna
1004 1509 1090 1568 sunt
1121 1496 1321 1588 elementa,

238 1632 282 1688 ut
314 1617 505 1715 praedicnt,
541 1642 613 1692 non
630 1605 634 1612 ¹
652 1623 761 1718 magis
795 1645 816 1692 e
849 1620 997 1717 sphaera
1026 1643 1134 1716 quam
1172 1641 1219 1690 ex
1251 1617 1318 1690 nlia

238 1741 364 1836 quavis
392 1763 514 1830 cnusm
545 1755 745 1840 potuerunt
775 1741 953 1828 exsistere,
992 1739 1052 1810 sed
1089 1765 1108 1810 a
1144 1740 1321 1837 principio

238 1881 312 1932 esse
337 1858 553 1934 debuerunt.
606 1862 855 1960 Reprehensus
881 1871 1065 1958 propterea
1085 1874 1138 1932 est
1156 1859 1200 1930 ab
1218 1862 1318 1931 Aris-

239 1981 359 2068 totele,
397 1995 440 2054 ut
473 1981 640 2081 superius
676 1982 845 2074 vidimus3
869 1981 1118 2080 Empedoclem
1136 1995 1255 2054 tumen
1281 1980 1316 2052 id

237 2125 310 2174 non
334 2101 476 2201 proprie
503 2101 717 2175 intellexisse
741 2101 811 2200 jam
832 2101 1083 2175 animadvertit
1098 2102 1315 2200 Simplicius,

235 2225 374 2315 diosus,
399 2237 436 2297 et
458 2221 562 2296 illum
586 2235 622 2295 et
639 2224 723 2296 alios
741 2235 907 2297 veterum
924 2221 1030 2294 telem
1049 2222 1178 2294 mundi
1195 2237 1315 2296 ortum

236 2347 397 2438 linxisse,
425 2365 498 2417 nnn
520 2369 594 2444 qno
616 2342 797 2416 mundum
819 2355 915 2415 nerto
935 2354 1095 2440 tempore
1123 2355 1250 2415 natum
1281 2358 1318 2417 et

234 2467 389 2568 singulos
405 2464 467 2539 bns
483 2463 611 2538 mundi
629 2478 762 2564 portes,
778 2461 983 2562 sphaeram,
1011 2463 1210 2556 elementa,
1234 2479 1316 2540 cett

234 2587 417 2690 quondum
441 2605 506 2687 per
533 2611 571 2660 se
594 2587 764 2661 exstitisse
788 2597 978 2684 putarent,
997 2583 1058 2659 sed
1086 2609 1160 2685 quo
1186 2585 1318 2660 clarius

233 2711 451 2810 explicarent
477 2723 514 2784 et
540 2709 711 2809 principia
736 2735 758 2780 e
780 2706 914 2808 quibus
943 2719 1072 2780 nutum
1098 2721 1255 2800 nonstet,
1279 2723 1316 2782 et

233 2830 396 2904 ordinem
416 2857 528 2931 quem
550 2830 720 2931 quodque
748 2829 924 2916 obtinent,
944 2843 980 2902 et
1001 2827 1149 2902 modurn
1167 2855 1244 2930 quo
1269 2855 1315 2904 ex

234 2949 289 3024 his
305 2965 455 3025 neturus
473 2977 528 3026 res
544 2950 714 3026 nnnllatne
730 2954 819 3044 sint,
834 2951 913 3024 ideo
928 2949 1020 3043 illos,
1035 2978 1129 3053 quse
1145 2953 1182 3024 in
1200 2978 1316 3026 mun·

234 3070 280 3145 clo
300 3070 470 3146 videntur
489 3073 654 3164 confusa,
673 3075 747 3146 suis
767 3095 934 3172 quaeque
952 3071 1074 3146 sormis
1089 3077 1313 3173 expressisse.

233 3195 349 3268 Sinin
374 3197 489 3294 primo
512 3195 558 3268 de
579 3195 683 3270 Coelo
702 3201 782 3270 ²⁰³:
815 3189 920 3270 Οὗτοι
950 3189 1024 3289 οὖν,
1050 3196 1188 3296 inquit,
1217 3223 1317 3296 γωη·

233 3319 290 3392 τὸν
320 3319 377 3392 eat
411 3315 584 3414 ἄφθαρτον
609 3323 768 3417 λέγοντες
802 3322 858 3393 τὸν
888 3317 1032 3416 κόσμον,
1060 3320 1115 3410 τὶν
1146 3320 1317 3418 γένεσιν

233 3441 317 3542 οὐχ
339 3441 389 3522 nie
411 3438 496 3518 ἇτὸ
521 3442 670 3542 χρόνον
694 3441 785 3538 φατὶ
807 3437 872 3516 θεῖν
893 3440 1039 3536 ἀκούειν,
1060 3441 1140 3518 ἀλλ’
1158 3437 1198 3533 ἐξ
1219 3449 1317 3518 ὐτο-

233 3559 380 3645 θέτεωτ
405 3565 583 3663 sipiritum,
612 3564 831 3646 διδασκαλίας
854 3561 959 3666 χάριν
984 3569 1042 3656 rlir
1063 3563 1224 3657 τάξεως
1256 3571 1317 3642 τᾶν

232 3685 265 3763 ἓν
287 3688 378 3788 αύτῷ
399 3691 559 3788 προτέρων
584 3717 623 3764 τε
644 3689 701 3764 νων)
722 3685 968 3788 contemtio.
1016 3687 1157 3788 ltaque,
1179 3691 1312 3789 pergit,

232 3811 463 3910 Empedocles
491 3811 675 3912 ceterique
702 3810 840 3914 physici
873 3815 928 3902 rip
960 3815 1022 3889 τιῖν
1054 3809 1210 3889 συνθέτων
1241 3810 1312 3888 siri

266 4055 340 4120 (mli
359 4055 469 4123 simplic.
493 4057 519 4105 in
540 4055 626 4108 Schnl.
649 4055 753 4107 Aristot.
773 4059 865 4110 llrsnd.
885 4075 910 4126 p.
927 4057 975 4120 488
996 4057 1021 4109 b.
