<?xml version="1.0" encoding="UTF-8"?>
<!DOCTYPE html PUBLIC "-//W3C//DTD XHTML 1.0 Transitional//EN"
    "http://www.w3.org/TR/xhtml1/DTD/xhtml1-transitional.dtd">
<html xmlns="http://www.w3.org/1999/xhtml" xml:lang="en" lang="en">
 <head>
  <title>
</title>
<meta http-equiv="Content-Type" content="text/html;charset=utf-8" />
  <meta name='ocr-system' content='tesseract 3.04.00' />
  <meta name='ocr-capabilities' content='ocr_page ocr_carea ocr_par ocr_line ocrx_word'/>
</head>
<body>
  <div class='ocr_page' id='page_1' title='image "./philosophorumgr00xenogoog_0401.png"; bbox 0 0 2952 4836; ppageno 0'>
   <div class='ocr_carea' id='block_1_1' title="bbox 533 421 1193 486">
    <p class='ocr_par' dir='ltr' id='par_1_1' title="bbox 533 421 1193 486">
     <span class='ocr_line' id='line_1_1' title="bbox 533 421 1193 486; baseline 0.015 -12"><span class='ocrx_word' id='word_1_1' title='bbox 533 427 773 480; x_wconf 70' lang='lat' dir='ltr'><strong>alumnorum.</strong></span> <span class='ocrx_word' id='word_1_2' title='bbox 1129 421 1193 486; x_wconf 72' lang='lat'><strong>³87</strong></span> 
     </span>
    </p>
   </div>
   <div class='ocr_carea' id='block_1_2' title="bbox 112 591 1280 3492">
    <p class='ocr_par' dir='ltr' id='par_1_2' title="bbox 112 591 1280 3492">
     <span class='ocr_line' id='line_1_2' title="bbox 119 591 1193 700; baseline 0.011 -36"><span class='ocrx_word' id='word_1_3' title='bbox 119 591 637 691; x_wconf 57' lang='lat' dir='ltr'><strong>contemperaremur</strong></span> <span class='ocrx_word' id='word_1_4' title='bbox 658 593 702 687; x_wconf 76' lang='grc' dir='ltr'><strong>ἐξ</strong></span> <span class='ocrx_word' id='word_1_5' title='bbox 723 595 956 677; x_wconf 70' lang='grc' dir='ltr'><em>ὑποθέσεως</em></span> <span class='ocrx_word' id='word_1_6' title='bbox 978 607 1093 674; x_wconf 78' lang='grc' dir='ltr'><strong><em>τοῦτον</em></strong></span> <span class='ocrx_word' id='word_1_7' title='bbox 1119 605 1193 700; x_wconf 76' lang='grc' dir='ltr'><strong><em>πρό·</em></strong></span> 
     </span>
     <span class='ocr_line' id='line_1_3' title="bbox 117 703 1192 818; baseline 0.01 -30"><span class='ocrx_word' id='word_1_8' title='bbox 117 743 175 788; x_wconf 83' lang='grc' dir='ltr'><strong>ποι</strong></span> <span class='ocrx_word' id='word_1_9' title='bbox 206 717 376 810; x_wconf 78' lang='grc' dir='ltr'><strong>Φοάιονποι</strong></span> <span class='ocrx_word' id='word_1_10' title='bbox 410 703 660 814; x_wconf 67' lang='grc' dir='ltr'><strong>ποοροδιδοῖιπεο,</strong></span> <span class='ocrx_word' id='word_1_11' title='bbox 693 717 763 794; x_wconf 73' lang='grc' dir='ltr'><strong>ἀπο</strong></span> <span class='ocrx_word' id='word_1_12' title='bbox 794 725 854 794; x_wconf 77' lang='grc' dir='ltr'><strong>τῶν</strong></span> <span class='ocrx_word' id='word_1_13' title='bbox 878 726 928 794; x_wconf 77' lang='grc' dir='ltr'><strong>νῦν</strong></span> <span class='ocrx_word' id='word_1_14' title='bbox 953 723 1110 818; x_wconf 78' lang='grc' dir='ltr'><strong><em>ὁρωμένων</em></strong></span> <span class='ocrx_word' id='word_1_15' title='bbox 1136 727 1192 814; x_wconf 69' lang='grc' dir='ltr'><strong>τὴν</strong></span> 
     </span>
     <span class='ocr_line' id='line_1_4' title="bbox 117 835 1192 936; baseline 0.008 -23"><span class='ocrx_word' id='word_1_16' title='bbox 117 835 274 914; x_wconf 54' lang='lat' dir='ltr'><strong>&amp;droco</strong></span> <span class='ocrx_word' id='word_1_17' title='bbox 306 845 490 936; x_wconf 72' lang='grc' dir='ltr'><strong>ποιούμενοι</strong></span> <span class='ocrx_word' id='word_1_18' title='bbox 521 843 575 931; x_wconf 68' lang='grc' dir='ltr'><strong>τὴν</strong></span> <span class='ocrx_word' id='word_1_19' title='bbox 605 839 661 916; x_wconf 76' lang='grc' dir='ltr'><strong>ἐπὶ</strong></span> <span class='ocrx_word' id='word_1_20' title='bbox 689 843 736 916; x_wconf 72' lang='grc' dir='ltr'><strong>τοι</strong></span> <span class='ocrx_word' id='word_1_21' title='bbox 764 841 884 934; x_wconf 72' lang='grc' dir='ltr'><strong><em>ἁπλοῖ,</em></strong></span> <span class='ocrx_word' id='word_1_22' title='bbox 910 845 965 916; x_wconf 68' lang='grc' dir='ltr'><strong>καὶ</strong></span> <span class='ocrx_word' id='word_1_23' title='bbox 986 845 1042 934; x_wconf 72' lang='lat' dir='ltr'><strong>rip</strong></span> <span class='ocrx_word' id='word_1_24' title='bbox 1062 843 1101 919; x_wconf 75' lang='lat' dir='ltr'><strong>iu</strong></span> <span class='ocrx_word' id='word_1_25' title='bbox 1129 851 1192 922; x_wconf 74' lang='grc' dir='ltr'><strong>τῶν</strong></span> 
     </span>
     <span class='ocr_line' id='line_1_5' title="bbox 117 959 1191 1070; baseline 0.007 -35"><span class='ocrx_word' id='word_1_26' title='bbox 117 960 228 1038; x_wconf 67' lang='lat' dir='ltr'><strong>erres</strong></span> <span class='ocrx_word' id='word_1_27' title='bbox 255 959 401 1040; x_wconf 66' lang='lat' dir='ltr'><strong>certam</strong></span> <span class='ocrx_word' id='word_1_28' title='bbox 426 959 684 1062; x_wconf 77' lang='grc' dir='ltr'><strong><em>ἑξοστοροῦνπες,</em></strong></span> <span class='ocrx_word' id='word_1_29' title='bbox 708 967 757 1045; x_wconf 80' lang='grc' dir='ltr'><strong>ὦς</strong></span> <span class='ocrx_word' id='word_1_30' title='bbox 784 965 815 1038; x_wconf 74' lang='grc' dir='ltr'><strong>εἰ</strong></span> <span class='ocrx_word' id='word_1_31' title='bbox 843 966 914 1040; x_wconf 75' lang='grc' dir='ltr'><strong>κο.)</strong></span> <span class='ocrx_word' id='word_1_32' title='bbox 941 973 1191 1070; x_wconf 75' lang='grc' dir='ltr'><strong><em>προϋπῆρχε</em></strong></span> 
     </span>
     <span class='ocr_line' id='line_1_6' title="bbox 116 1080 1191 1190; baseline 0.007 -32"><span class='ocrx_word' id='word_1_33' title='bbox 116 1084 168 1184; x_wconf 82' lang='grc' dir='ltr'><strong>τῷ</strong></span> <span class='ocrx_word' id='word_1_34' title='bbox 188 1088 330 1188; x_wconf 77' lang='grc' dir='ltr'><strong><em>χρόνῳ</em></strong></span> <span class='ocrx_word' id='word_1_35' title='bbox 349 1087 403 1161; x_wconf 74' lang='lat' dir='ltr'><strong>ric</strong></span> <span class='ocrx_word' id='word_1_36' title='bbox 422 1085 468 1179; x_wconf 76' lang='grc' dir='ltr'><strong>ἐξ</strong></span> <span class='ocrx_word' id='word_1_37' title='bbox 487 1080 676 1186; x_wconf 67' lang='lat' dir='ltr'><strong>dispiceret</strong></span> <span class='ocrx_word' id='word_1_38' title='bbox 696 1088 743 1163; x_wconf 71' lang='lat' dir='ltr'><strong>ru</strong></span> <span class='ocrx_word' id='word_1_39' title='bbox 758 1088 923 1187; x_wconf 70' lang='grc' dir='ltr'><strong>γινόμενοι.</strong></span> <span class='ocrx_word' id='word_1_40' title='bbox 950 1088 1191 1190; x_wconf 77' lang='lat' dir='ltr'><strong>Nequaquam</strong></span> 
     </span>
     <span class='ocr_line' id='line_1_7' title="bbox 115 1205 1191 1311; baseline 0 -29"><span class='ocrx_word' id='word_1_41' title='bbox 115 1233 196 1282; x_wconf 86' lang='lat' dir='ltr'><strong>vero</strong></span> <span class='ocrx_word' id='word_1_42' title='bbox 217 1205 422 1307; x_wconf 84' lang='lat' dir='ltr'><strong>putandum</strong></span> <span class='ocrx_word' id='word_1_43' title='bbox 448 1208 551 1302; x_wconf 90' lang='lat' dir='ltr'><strong>dicit,</strong></span> <span class='ocrx_word' id='word_1_44' title='bbox 575 1212 676 1310; x_wconf 85' lang='lat' dir='ltr'>quasi</span> <span class='ocrx_word' id='word_1_45' title='bbox 703 1235 749 1288; x_wconf 83' lang='lat' dir='ltr'><strong>ex</strong></span> <span class='ocrx_word' id='word_1_46' title='bbox 770 1211 993 1311; x_wconf 86' lang='lat' dir='ltr'><strong>Empedoclis</strong></span> <span class='ocrx_word' id='word_1_47' title='bbox 1013 1211 1191 1286; x_wconf 65' lang='lat' dir='ltr'><strong>sententie</strong></span> 
     </span>
     <span class='ocr_line' id='line_1_8' title="bbox 115 1330 1192 1432; baseline 0.006 -31"><span class='ocrx_word' id='word_1_48' title='bbox 115 1331 285 1429; x_wconf 86' lang='lat' dir='ltr'><strong>principia</strong></span> <span class='ocrx_word' id='word_1_49' title='bbox 319 1331 384 1403; x_wconf 86' lang='lat' dir='ltr'><strong>ista</strong></span> <span class='ocrx_word' id='word_1_50' title='bbox 418 1330 600 1431; x_wconf 88' lang='lat' dir='ltr'><strong>quondam</strong></span> <span class='ocrx_word' id='word_1_51' title='bbox 628 1335 772 1406; x_wconf 80' lang='lat' dir='ltr'><strong>seorsim</strong></span> <span class='ocrx_word' id='word_1_52' title='bbox 799 1331 1016 1406; x_wconf 74' lang='lat' dir='ltr'><strong>exstiterint:</strong></span> <span class='ocrx_word' id='word_1_53' title='bbox 1055 1331 1192 1432; x_wconf 77' lang='lat' dir='ltr'><strong>quippe</strong></span> 
     </span>
     <span class='ocr_line' id='line_1_9' title="bbox 115 1449 1192 1550; baseline 0.003 -29"><span class='ocrx_word' id='word_1_54' title='bbox 115 1449 213 1524; x_wconf 85' lang='lat' dir='ltr'><strong>illum</strong></span> <span class='ocrx_word' id='word_1_55' title='bbox 237 1453 496 1550; x_wconf 81' lang='lat' dir='ltr'><strong>perspicuitatis</strong></span> <span class='ocrx_word' id='word_1_56' title='bbox 519 1466 660 1526; x_wconf 85' lang='lat' dir='ltr'><strong>tanturn</strong></span> <span class='ocrx_word' id='word_1_57' title='bbox 682 1479 803 1527; x_wconf 80' lang='lat' dir='ltr'><strong>caussa</strong></span> <span class='ocrx_word' id='word_1_58' title='bbox 820 1453 908 1526; x_wconf 88' lang='lat' dir='ltr'><strong>haec</strong></span> <span class='ocrx_word' id='word_1_59' title='bbox 925 1453 1083 1544; x_wconf 85' lang='lat' dir='ltr'><strong>finxisse,</strong></span> <span class='ocrx_word' id='word_1_60' title='bbox 1099 1455 1192 1527; x_wconf 87' lang='lat' dir='ltr'><strong>sicut</strong></span> 
     </span>
     <span class='ocr_line' id='line_1_10' title="bbox 115 1571 1191 1674; baseline 0.002 -31"><span class='ocrx_word' id='word_1_61' title='bbox 115 1571 349 1646; x_wconf 86' lang='lat' dir='ltr'><strong>mathematici</strong></span> <span class='ocrx_word' id='word_1_62' title='bbox 367 1573 496 1670; x_wconf 85' lang='lat' dir='ltr'><strong>figuras</strong></span> <span class='ocrx_word' id='word_1_63' title='bbox 513 1585 549 1645; x_wconf 86' lang='lat' dir='ltr'><strong>et</strong></span> <span class='ocrx_word' id='word_1_64' title='bbox 567 1572 676 1646; x_wconf 86' lang='lat' dir='ltr'><strong>lineas</strong></span> <span class='ocrx_word' id='word_1_65' title='bbox 693 1587 729 1648; x_wconf 91' lang='lat' dir='ltr'><strong>et</strong></span> <span class='ocrx_word' id='word_1_66' title='bbox 742 1588 894 1674; x_wconf 85' lang='lat' dir='ltr'><strong>puncta,</strong></span> <span class='ocrx_word' id='word_1_67' title='bbox 911 1572 1045 1672; x_wconf 84' lang='lat' dir='ltr'><strong>quibus</strong></span> <span class='ocrx_word' id='word_1_68' title='bbox 1062 1599 1191 1672; x_wconf 88' lang='lat' dir='ltr'><strong>corpo-</strong></span> 
     </span>
     <span class='ocr_line' id='line_1_11' title="bbox 114 1691 1190 1794; baseline 0.002 -29"><span class='ocrx_word' id='word_1_69' title='bbox 114 1719 194 1765; x_wconf 88' lang='lat' dir='ltr'><strong>rum</strong></span> <span class='ocrx_word' id='word_1_70' title='bbox 210 1693 342 1766; x_wconf 85' lang='lat' dir='ltr'><strong>forrnas</strong></span> <span class='ocrx_word' id='word_1_71' title='bbox 357 1691 600 1766; x_wconf 85' lang='lat' dir='ltr'><strong>demonstrent</strong></span> <span class='ocrx_word' id='word_1_72' title='bbox 614 1705 694 1768; x_wconf 75' lang='lat'><strong>²0⁴.</strong></span> <span class='ocrx_word' id='word_1_73' title='bbox 732 1695 938 1769; x_wconf 89' lang='lat' dir='ltr'><strong>Illustratur</strong></span> <span class='ocrx_word' id='word_1_74' title='bbox 953 1693 1023 1768; x_wconf 91' lang='lat' dir='ltr'><strong>hoc</strong></span> <span class='ocrx_word' id='word_1_75' title='bbox 1038 1696 1080 1767; x_wconf 91' lang='lat' dir='ltr'><strong>iis</strong></span> <span class='ocrx_word' id='word_1_76' title='bbox 1095 1719 1190 1794; x_wconf 86' lang='lat' dir='ltr'><strong>quae</strong></span> 
     </span>
     <span class='ocr_line' id='line_1_12' title="bbox 115 1812 1190 1908; baseline 0.004 -24"><span class='ocrx_word' id='word_1_77' title='bbox 115 1813 212 1886; x_wconf 89' lang='lat' dir='ltr'><strong>modo</strong></span> <span class='ocrx_word' id='word_1_78' title='bbox 227 1813 274 1886; x_wconf 89' lang='lat' dir='ltr'><strong>de</strong></span> <span class='ocrx_word' id='word_1_79' title='bbox 286 1812 447 1886; x_wconf 88' lang='lat' dir='ltr'><strong>Amicitia</strong></span> <span class='ocrx_word' id='word_1_80' title='bbox 464 1829 500 1886; x_wconf 91' lang='lat' dir='ltr'><strong>et</strong></span> <span class='ocrx_word' id='word_1_81' title='bbox 513 1814 690 1888; x_wconf 88' lang='lat' dir='ltr'><strong>Discordia</strong></span> <span class='ocrx_word' id='word_1_82' title='bbox 706 1815 1035 1890; x_wconf 85' lang='lat' dir='ltr'><strong>animadvertimus.</strong></span> <span class='ocrx_word' id='word_1_83' title='bbox 1053 1818 1190 1908; x_wconf 90' lang='lat' dir='ltr'><strong>Quem·</strong></span> 
     </span>
     <span class='ocr_line' id='line_1_13' title="bbox 114 1933 1189 2034; baseline 0.005 -27"><span class='ocrx_word' id='word_1_84' title='bbox 114 1933 302 2009; x_wconf 85' lang='lat' dir='ltr'><strong>admodum</strong></span> <span class='ocrx_word' id='word_1_85' title='bbox 342 1935 438 2008; x_wconf 89' lang='lat' dir='ltr'><strong>enirn</strong></span> <span class='ocrx_word' id='word_1_86' title='bbox 478 1937 691 2034; x_wconf 88' lang='lat' dir='ltr'><strong>reciprocam</strong></span> <span class='ocrx_word' id='word_1_87' title='bbox 727 1937 915 2010; x_wconf 86' lang='lat' dir='ltr'><strong>ambarum</strong></span> <span class='ocrx_word' id='word_1_88' title='bbox 946 1940 1123 2011; x_wconf 90' lang='lat' dir='ltr'><strong>actionem</strong></span> <span class='ocrx_word' id='word_1_89' title='bbox 1150 1939 1189 2012; x_wconf 92' lang='lat' dir='ltr'><strong>in</strong></span> 
     </span>
     <span class='ocr_line' id='line_1_14' title="bbox 114 2055 1192 2150; baseline 0.004 -23"><span class='ocrx_word' id='word_1_90' title='bbox 114 2071 238 2130; x_wconf 87' lang='lat' dir='ltr'><strong>natura</strong></span> <span class='ocrx_word' id='word_1_91' title='bbox 260 2057 404 2131; x_wconf 90' lang='lat' dir='ltr'><strong>alternis</strong></span> <span class='ocrx_word' id='word_1_92' title='bbox 424 2055 584 2130; x_wconf 88' lang='lat' dir='ltr'><strong>obtinere</strong></span> <span class='ocrx_word' id='word_1_93' title='bbox 605 2059 706 2132; x_wconf 87' lang='lat' dir='ltr'><strong>finxit</strong></span> <span class='ocrx_word' id='word_1_94' title='bbox 728 2059 792 2150; x_wconf 90' lang='lat' dir='ltr'><strong>ita,</strong></span> <span class='ocrx_word' id='word_1_95' title='bbox 815 2072 859 2130; x_wconf 88' lang='lat' dir='ltr'><strong>ut</strong></span> <span class='ocrx_word' id='word_1_96' title='bbox 881 2059 1027 2132; x_wconf 85' lang='lat' dir='ltr'><strong>mutatis</strong></span> <span class='ocrx_word' id='word_1_97' title='bbox 1049 2057 1192 2133; x_wconf 87' lang='lat' dir='ltr'><strong>vicibus</strong></span> 
     </span>
     <span class='ocr_line' id='line_1_15' title="bbox 114 2176 1192 2278; baseline 0.005 -31"><span class='ocrx_word' id='word_1_98' title='bbox 114 2176 281 2253; x_wconf 86' lang='lat' dir='ltr'><strong>alterutra</strong></span> <span class='ocrx_word' id='word_1_99' title='bbox 299 2205 425 2252; x_wconf 89' lang='lat' dir='ltr'><strong>earum</strong></span> <span class='ocrx_word' id='word_1_100' title='bbox 444 2193 567 2278; x_wconf 86' lang='lat' dir='ltr'><strong>regnet</strong></span> <span class='ocrx_word' id='word_1_101' title='bbox 590 2197 627 2252; x_wconf 90' lang='lat' dir='ltr'><strong>et</strong></span> <span class='ocrx_word' id='word_1_102' title='bbox 646 2181 857 2255; x_wconf 89' lang='lat' dir='ltr'><strong>universum</strong></span> <span class='ocrx_word' id='word_1_103' title='bbox 874 2178 979 2252; x_wconf 90' lang='lat' dir='ltr'><strong>modo</strong></span> <span class='ocrx_word' id='word_1_104' title='bbox 1004 2180 1057 2250; x_wconf 85' lang='lat' dir='ltr'><strong>in&#39;</strong></span> <span class='ocrx_word' id='word_1_105' title='bbox 1069 2201 1192 2252; x_wconf 87' lang='lat' dir='ltr'><strong>unum·</strong></span> 
     </span>
     <span class='ocr_line' id='line_1_16' title="bbox 114 2298 1191 2399; baseline 0 -27"><span class='ocrx_word' id='word_1_106' title='bbox 114 2300 326 2392; x_wconf 81' lang='lat' dir='ltr'><strong>concilietur,</strong></span> <span class='ocrx_word' id='word_1_107' title='bbox 346 2299 451 2374; x_wconf 90' lang='lat' dir='ltr'><strong>modo</strong></span> <span class='ocrx_word' id='word_1_108' title='bbox 468 2301 506 2371; x_wconf 89' lang='lat' dir='ltr'><strong>in</strong></span> <span class='ocrx_word' id='word_1_109' title='bbox 523 2300 659 2384; x_wconf 86' lang='lat' dir='ltr'><strong>diversa</strong></span> <span class='ocrx_word' id='word_1_110' title='bbox 676 2299 906 2392; x_wconf 86' lang='lat' dir='ltr'><strong>distrahatur;</strong></span> <span class='ocrx_word' id='word_1_111' title='bbox 918 2299 1080 2372; x_wconf 88' lang='lat' dir='ltr'><strong>similiter</strong></span> <span class='ocrx_word' id='word_1_112' title='bbox 1092 2298 1191 2399; x_wconf 90' lang='lat' dir='ltr'><strong>quod</strong></span> 
     </span>
     <span class='ocr_line' id='line_1_17' title="bbox 112 2417 1192 2520; baseline 0.004 -28"><span class='ocrx_word' id='word_1_113' title='bbox 112 2419 154 2492; x_wconf 90' lang='lat' dir='ltr'><strong>de</strong></span> <span class='ocrx_word' id='word_1_114' title='bbox 186 2419 333 2520; x_wconf 88' lang='lat' dir='ltr'><strong>sphaera</strong></span> <span class='ocrx_word' id='word_1_115' title='bbox 363 2435 399 2494; x_wconf 89' lang='lat' dir='ltr'><strong>et</strong></span> <span class='ocrx_word' id='word_1_116' title='bbox 429 2421 474 2494; x_wconf 90' lang='lat' dir='ltr'><strong>de</strong></span> <span class='ocrx_word' id='word_1_117' title='bbox 499 2421 759 2496; x_wconf 83' lang='lat' dir='ltr'><strong>elementorum</strong></span> <span class='ocrx_word' id='word_1_118' title='bbox 781 2417 993 2494; x_wconf 87' lang='lat' dir='ltr'><strong>discretione</strong></span> <span class='ocrx_word' id='word_1_119' title='bbox 1012 2419 1104 2494; x_wconf 83' lang='lat' dir='ltr'><strong>dixit</strong></span> <span class='ocrx_word' id='word_1_120' title='bbox 1127 2445 1192 2496; x_wconf 75' lang='lat' dir='ltr'><strong>ex-</strong></span> 
     </span>
     <span class='ocr_line' id='line_1_18' title="bbox 114 2539 1191 2642; baseline 0.004 -30"><span class='ocrx_word' id='word_1_121' title='bbox 114 2539 230 2636; x_wconf 86' lang='lat' dir='ltr'><strong>plicari</strong></span> <span class='ocrx_word' id='word_1_122' title='bbox 265 2557 395 2642; x_wconf 87' lang='lat' dir='ltr'><strong>potest,</strong></span> <span class='ocrx_word' id='word_1_123' title='bbox 437 2561 480 2618; x_wconf 91' lang='lat' dir='ltr'><strong>ut</strong></span> <span class='ocrx_word' id='word_1_124' title='bbox 518 2543 680 2642; x_wconf 78' lang='lat' dir='ltr'><strong>exempla</strong></span> <span class='ocrx_word' id='word_1_125' title='bbox 715 2543 805 2632; x_wconf 85' lang='lat' dir='ltr'><strong>sint,</strong></span> <span class='ocrx_word' id='word_1_126' title='bbox 850 2543 1004 2616; x_wconf 87' lang='lat' dir='ltr'><strong>alterum</strong></span> <span class='ocrx_word' id='word_1_127' title='bbox 1042 2541 1191 2616; x_wconf 87' lang='lat' dir='ltr'><strong>harmo-</strong></span> 
     </span>
     <span class='ocr_line' id='line_1_19' title="bbox 114 2645 1192 2762; baseline 0.007 -30"><span class='ocrx_word' id='word_1_128' title='bbox 114 2665 204 2754; x_wconf 89' lang='lat' dir='ltr'><strong>niae,</strong></span> <span class='ocrx_word' id='word_1_129' title='bbox 234 2665 387 2738; x_wconf 88' lang='lat' dir='ltr'><strong>alterum</strong></span> <span class='ocrx_word' id='word_1_130' title='bbox 408 2663 638 2756; x_wconf 86' lang='lat' dir='ltr'><strong>diversitatis,</strong></span> <span class='ocrx_word' id='word_1_131' title='bbox 659 2665 873 2762; x_wconf 76' lang='grc' dir='ltr'><strong><em>σομπάθειος</em></strong></span> <span class='ocrx_word' id='word_1_132' title='bbox 895 2677 933 2736; x_wconf 88' lang='lat' dir='ltr'><strong>et</strong></span> <span class='ocrx_word' id='word_1_133' title='bbox 955 2645 1192 2758; x_wconf 73' lang='grc' dir='ltr'><strong>ἄντιποίθειοος,</strong></span> 
     </span>
     <span class='ocr_line' id='line_1_20' title="bbox 112 2787 1190 2884; baseline 0.002 -24"><span class='ocrx_word' id='word_1_134' title='bbox 112 2789 262 2884; x_wconf 85' lang='lat' dir='ltr'><strong>quaein</strong></span> <span class='ocrx_word' id='word_1_135' title='bbox 286 2787 422 2860; x_wconf 90' lang='lat' dir='ltr'><strong>mundo</strong></span> <span class='ocrx_word' id='word_1_136' title='bbox 444 2803 657 2861; x_wconf 75' lang='lat' dir='ltr'><strong>cernuntur,</strong></span> <span class='ocrx_word' id='word_1_137' title='bbox 710 2789 890 2862; x_wconf 90' lang='lat' dir='ltr'><strong>Neutrum</strong></span> <span class='ocrx_word' id='word_1_138' title='bbox 918 2789 1050 2864; x_wconf 91' lang='lat' dir='ltr'><strong>horum</strong></span> <span class='ocrx_word' id='word_1_139' title='bbox 1072 2787 1190 2862; x_wconf 88' lang='lat' dir='ltr'><strong>solum</strong></span> 
     </span>
     <span class='ocr_line' id='line_1_21' title="bbox 112 2908 1191 3003; baseline 0.004 -25"><span class='ocrx_word' id='word_1_140' title='bbox 112 2931 240 3003; x_wconf 87' lang='lat' dir='ltr'><strong>perse</strong></span> <span class='ocrx_word' id='word_1_141' title='bbox 268 2923 396 3002; x_wconf 87' lang='lat' dir='ltr'><strong>exstat,</strong></span> <span class='ocrx_word' id='word_1_142' title='bbox 419 2909 482 2982; x_wconf 89' lang='lat' dir='ltr'><strong>sed</strong></span> <span class='ocrx_word' id='word_1_143' title='bbox 513 2923 641 2982; x_wconf 89' lang='lat' dir='ltr'><strong>mutua</strong></span> <span class='ocrx_word' id='word_1_144' title='bbox 671 2908 858 2982; x_wconf 87' lang='lat' dir='ltr'><strong>amborum</strong></span> <span class='ocrx_word' id='word_1_145' title='bbox 888 2911 976 2983; x_wconf 87' lang='lat' dir='ltr'><strong>actio</strong></span> <span class='ocrx_word' id='word_1_146' title='bbox 1007 2909 1046 2980; x_wconf 89' lang='lat' dir='ltr'><strong>in</strong></span> <span class='ocrx_word' id='word_1_147' title='bbox 1077 2921 1191 2982; x_wconf 88' lang='lat' dir='ltr'><strong>natu-</strong></span> 
     </span>
     <span class='ocr_line' id='line_1_22' title="bbox 114 3029 1190 3131; baseline 0.003 -33"><span class='ocrx_word' id='word_1_148' title='bbox 114 3053 148 3100; x_wconf 89' lang='lat' dir='ltr'><strong>ra</strong></span> <span class='ocrx_word' id='word_1_149' title='bbox 184 3031 334 3103; x_wconf 88' lang='lat' dir='ltr'><strong>confuse</strong></span> <span class='ocrx_word' id='word_1_150' title='bbox 375 3045 540 3130; x_wconf 80' lang='lat' dir='ltr'><strong>apparet3</strong></span> <span class='ocrx_word' id='word_1_151' title='bbox 581 3055 675 3131; x_wconf 89' lang='lat' dir='ltr'><strong>quae</strong></span> <span class='ocrx_word' id='word_1_152' title='bbox 713 3029 772 3104; x_wconf 88' lang='lat' dir='ltr'><strong>ille</strong></span> <span class='ocrx_word' id='word_1_153' title='bbox 820 3031 1026 3130; x_wconf 85' lang='lat' dir='ltr'><strong>cogitatione</strong></span> <span class='ocrx_word' id='word_1_154' title='bbox 1067 3053 1190 3102; x_wconf 84' lang='lat' dir='ltr'><strong>secer-</strong></span> 
     </span>
     <span class='ocr_line' id='line_1_23' title="bbox 113 3151 1280 3252; baseline 0.002 -31"><span class='ocrx_word' id='word_1_155' title='bbox 113 3173 199 3224; x_wconf 89' lang='lat' dir='ltr'><strong>nens</strong></span> <span class='ocrx_word' id='word_1_156' title='bbox 225 3166 397 3252; x_wconf 84' lang='lat' dir='ltr'><strong>tanquam</strong></span> <span class='ocrx_word' id='word_1_157' title='bbox 421 3152 577 3225; x_wconf 77' lang='lat' dir='ltr'><strong>diversas</strong></span> <span class='ocrx_word' id='word_1_158' title='bbox 599 3155 758 3226; x_wconf 90' lang='lat' dir='ltr'><strong>notiones</strong></span> <span class='ocrx_word' id='word_1_159' title='bbox 784 3166 904 3225; x_wconf 88' lang='lat' dir='ltr'><strong>mente</strong></span> <span class='ocrx_word' id='word_1_160' title='bbox 930 3151 1093 3248; x_wconf 91' lang='lat' dir='ltr'><strong>concepit</strong></span> <span class='ocrx_word' id='word_1_161' title='bbox 1116 3175 1188 3223; x_wconf 87' lang='lat' dir='ltr'><strong>eas·</strong></span> <span class='ocrx_word' id='word_1_162' title='bbox 1279 3205 1280 3212; x_wconf 20' lang='grc' dir='ltr'><strong><em>π</em></strong></span> 
     </span>
     <span class='ocr_line' id='line_1_24' title="bbox 112 3272 1189 3374; baseline -0.002 -30"><span class='ocrx_word' id='word_1_163' title='bbox 112 3293 181 3368; x_wconf 88' lang='lat' dir='ltr'><strong>que</strong></span> <span class='ocrx_word' id='word_1_164' title='bbox 216 3272 423 3346; x_wconf 85' lang='lat' dir='ltr'><strong>informarit</strong></span> <span class='ocrx_word' id='word_1_165' title='bbox 451 3275 541 3346; x_wconf 90' lang='lat' dir='ltr'><strong>sicut</strong></span> <span class='ocrx_word' id='word_1_166' title='bbox 576 3275 722 3373; x_wconf 88' lang='lat' dir='ltr'><strong>species,</strong></span> <span class='ocrx_word' id='word_1_167' title='bbox 753 3301 817 3348; x_wconf 89' lang='lat' dir='ltr'><strong>sua</strong></span> <span class='ocrx_word' id='word_1_168' title='bbox 846 3297 1032 3374; x_wconf 86' lang='lat' dir='ltr'><strong>quamque</strong></span> <span class='ocrx_word' id='word_1_169' title='bbox 1058 3285 1189 3344; x_wconf 88' lang='lat' dir='ltr'><strong>natura</strong></span> 
     </span>
     <span class='ocr_line' id='line_1_25' title="bbox 113 3393 1191 3492; baseline 0 -30"><span class='ocrx_word' id='word_1_170' title='bbox 113 3405 146 3462; x_wconf 90' lang='lat' dir='ltr'><strong>et</strong></span> <span class='ocrx_word' id='word_1_171' title='bbox 177 3394 291 3492; x_wconf 85' lang='lat' dir='ltr'><strong>figura</strong></span> <span class='ocrx_word' id='word_1_172' title='bbox 323 3407 537 3468; x_wconf 85' lang='lat' dir='ltr'><strong>constantes:</strong></span> <span class='ocrx_word' id='word_1_173' title='bbox 578 3397 703 3469; x_wconf 91' lang='lat' dir='ltr'><strong>mundi</strong></span> <span class='ocrx_word' id='word_1_174' title='bbox 736 3394 958 3468; x_wconf 87' lang='lat' dir='ltr'><strong>harmoniam</strong></span> <span class='ocrx_word' id='word_1_175' title='bbox 991 3393 1191 3466; x_wconf 82' lang='lat' dir='ltr'><strong>informans</strong></span> 
     </span>
    </p>
   </div>
   <div class='ocr_carea' id='block_1_3' title="bbox 114 3643 1189 4182">
    <p class='ocr_par' dir='ltr' id='par_1_3' title="bbox 114 3643 1189 4182">
     <span class='ocr_line' id='line_1_26' title="bbox 142 3643 1189 3718; baseline -0.002 -21"><span class='ocrx_word' id='word_1_176' title='bbox 142 3647 215 3712; x_wconf 68' lang='lat' dir='ltr'><strong>(aci)</strong></span> <span class='ocrx_word' id='word_1_177' title='bbox 241 3645 352 3718; x_wconf 82' lang='lat' dir='ltr'><strong>simplic.</strong></span> <span class='ocrx_word' id='word_1_178' title='bbox 376 3645 393 3698; x_wconf 91' lang='grc' dir='ltr'><strong>Ι.</strong></span> <span class='ocrx_word' id='word_1_179' title='bbox 413 3645 429 3696; x_wconf 92' lang='grc' dir='ltr'><strong>Ι.</strong></span> <span class='ocrx_word' id='word_1_180' title='bbox 455 3654 482 3697; x_wconf 88' lang='lat' dir='ltr'><strong>et</strong></span> <span class='ocrx_word' id='word_1_181' title='bbox 502 3645 536 3698; x_wconf 85' lang='lat' dir='ltr'><strong>de</strong></span> <span class='ocrx_word' id='word_1_182' title='bbox 556 3646 624 3698; x_wconf 73' lang='lat' dir='ltr'><strong>doct</strong></span> <span class='ocrx_word' id='word_1_183' title='bbox 644 3649 684 3708; x_wconf 82' lang='lat'><strong>11.</strong></span> <span class='ocrx_word' id='word_1_184' title='bbox 707 3647 723 3698; x_wconf 75' lang='lat' dir='ltr'><strong>i.</strong></span> <span class='ocrx_word' id='word_1_185' title='bbox 748 3663 793 3715; x_wconf 71' lang='lat'><strong>¹²9</strong></span> <span class='ocrx_word' id='word_1_186' title='bbox 814 3651 834 3700; x_wconf 79' lang='grc' dir='ltr'><strong>Α</strong></span> <span class='ocrx_word' id='word_1_187' title='bbox 855 3647 895 3698; x_wconf 88' lang='lat' dir='ltr'><strong>ed.</strong></span> <span class='ocrx_word' id='word_1_188' title='bbox 920 3645 974 3698; x_wconf 76' lang='lat' dir='ltr'><strong>Atd.</strong></span> <span class='ocrx_word' id='word_1_189' title='bbox 997 3650 1065 3713; x_wconf 72' lang='grc' dir='ltr'><strong>φαίη</strong></span> <span class='ocrx_word' id='word_1_190' title='bbox 1085 3643 1112 3695; x_wconf 80' lang='grc' dir='ltr'><strong>δ’</strong></span> <span class='ocrx_word' id='word_1_191' title='bbox 1136 3644 1189 3707; x_wconf 76' lang='grc' dir='ltr'><strong>ἄν,</strong></span> 
     </span>
     <span class='ocr_line' id='line_1_27' title="bbox 114 3733 1186 3806; baseline -0.007 -12"><span class='ocrx_word' id='word_1_192' title='bbox 114 3734 145 3794; x_wconf 64' lang='lat' dir='ltr'><strong>tit</strong></span> <span class='ocrx_word' id='word_1_193' title='bbox 162 3733 254 3804; x_wconf 70' lang='grc' dir='ltr'><strong>οἶμαι,</strong></span> <span class='ocrx_word' id='word_1_194' title='bbox 272 3741 319 3790; x_wconf 72' lang='grc' dir='ltr'><strong>καὶ</strong></span> <span class='ocrx_word' id='word_1_195' title='bbox 335 3737 549 3806; x_wconf 66' lang='grc' dir='ltr'><strong>Ἐρωτεδοκλῆς,</strong></span> <span class='ocrx_word' id='word_1_196' title='bbox 569 3739 612 3790; x_wconf 75' lang='grc' dir='ltr'><strong>ὅτι</strong></span> <span class='ocrx_word' id='word_1_197' title='bbox 630 3737 678 3790; x_wconf 76' lang='grc' dir='ltr'><strong>οὐκ</strong></span> <span class='ocrx_word' id='word_1_198' title='bbox 696 3739 770 3790; x_wconf 71' lang='grc' dir='ltr'><em>ἔστιν</em></span> <span class='ocrx_word' id='word_1_199' title='bbox 787 3737 833 3790; x_wconf 69' lang='lat' dir='ltr'><strong>o‘vt</strong></span> <span class='ocrx_word' id='word_1_200' title='bbox 854 3740 960 3806; x_wconf 73' lang='grc' dir='ltr'><strong><em>χωρὶς</em></strong></span> <span class='ocrx_word' id='word_1_201' title='bbox 980 3741 1186 3804; x_wconf 71' lang='grc' dir='ltr'><strong>διειστήκει</strong></span> 
     </span>
     <span class='ocr_line' id='line_1_28' title="bbox 114 3828 1186 3901; baseline -0.001 -19"><span class='ocrx_word' id='word_1_202' title='bbox 114 3833 147 3882; x_wconf 74' lang='lat' dir='ltr'><strong>rt</strong></span> <span class='ocrx_word' id='word_1_203' title='bbox 162 3843 305 3901; x_wconf 75' lang='grc' dir='ltr'><strong>στοιχεῖα,</strong></span> <span class='ocrx_word' id='word_1_204' title='bbox 323 3837 360 3901; x_wconf 80' lang='grc' dir='ltr'><strong>μὴ</strong></span> <span class='ocrx_word' id='word_1_205' title='bbox 380 3834 427 3884; x_wconf 73' lang='grc' dir='ltr'><strong>καὶ</strong></span> <span class='ocrx_word' id='word_1_206' title='bbox 447 3839 495 3898; x_wconf 83' lang='grc' dir='ltr'><strong>τῆς</strong></span> <span class='ocrx_word' id='word_1_207' title='bbox 513 3834 580 3900; x_wconf 78' lang='grc' dir='ltr'><strong><em>πρὸς</em></strong></span> <span class='ocrx_word' id='word_1_208' title='bbox 597 3831 705 3899; x_wconf 67' lang='grc' dir='ltr'><strong><em>ἄλληλα</em></strong></span> <span class='ocrx_word' id='word_1_209' title='bbox 722 3835 872 3890; x_wconf 76' lang='grc' dir='ltr'><strong><em>συντάξεως</em></strong></span> <span class='ocrx_word' id='word_1_210' title='bbox 889 3831 980 3882; x_wconf 73' lang='grc' dir='ltr'><strong><em>αὐτῶν</em></strong></span> <span class='ocrx_word' id='word_1_211' title='bbox 1000 3828 1186 3899; x_wconf 72' lang='grc' dir='ltr'><strong>ὑπαρχούσης·</strong></span> 
     </span>
     <span class='ocr_line' id='line_1_29' title="bbox 114 3924 1187 3996; baseline -0.003 -19"><span class='ocrx_word' id='word_1_212' title='bbox 114 3956 145 3972; x_wconf 90' lang='lat'><strong>··</strong></span> <span class='ocrx_word' id='word_1_213' title='bbox 163 3957 173 3976; x_wconf 74' lang='grc' dir='ltr'><em>ι</em></span> <span class='ocrx_word' id='word_1_214' title='bbox 190 3925 249 3977; x_wconf 72' lang='grc' dir='ltr'><strong>ἀλλ’</strong></span> <span class='ocrx_word' id='word_1_215' title='bbox 269 3927 283 3977; x_wconf 74' lang='grc' dir='ltr'><em>ὃ</em></span> <span class='ocrx_word' id='word_1_216' title='bbox 300 3926 378 3992; x_wconf 76' lang='grc' dir='ltr'><strong><em>λόγος</em></strong></span> <span class='ocrx_word' id='word_1_217' title='bbox 393 3929 445 3994; x_wconf 74' lang='grc' dir='ltr'><strong>τὴν</strong></span> <span class='ocrx_word' id='word_1_218' title='bbox 462 3924 541 3987; x_wconf 75' lang='grc' dir='ltr'><em>φύσιν</em></span> <span class='ocrx_word' id='word_1_219' title='bbox 559 3927 614 3977; x_wconf 75' lang='grc' dir='ltr'><strong>τῶν</strong></span> <span class='ocrx_word' id='word_1_220' title='bbox 629 3928 798 3996; x_wconf 71' lang='grc' dir='ltr'><strong><em>πραγμάτων</em></strong></span> <span class='ocrx_word' id='word_1_221' title='bbox 815 3924 1001 3992; x_wconf 58' lang='lat' dir='ltr'><strong>&amp;sesualdum</strong></span> <span class='ocrx_word' id='word_1_222' title='bbox 1017 3924 1187 3991; x_wconf 70' lang='grc' dir='ltr'><strong><em>βουλόμενος</em></strong></span> 
     </span>
     <span class='ocr_line' id='line_1_30' title="bbox 115 4016 1185 4090; baseline 0 -22"><span class='ocrx_word' id='word_1_223' title='bbox 115 4021 159 4068; x_wconf 73' lang='lat' dir='ltr'><strong>rat</strong></span> <span class='ocrx_word' id='word_1_224' title='bbox 174 4023 280 4086; x_wconf 75' lang='grc' dir='ltr'><strong>ρέποσιι</strong></span> <span class='ocrx_word' id='word_1_225' title='bbox 296 4024 352 4072; x_wconf 58' lang='lat' dir='ltr'><strong>ebe</strong></span> <span class='ocrx_word' id='word_1_226' title='bbox 369 4021 509 4087; x_wconf 72' lang='grc' dir='ltr'><strong>ἀροιήτωι</strong></span> <span class='ocrx_word' id='word_1_227' title='bbox 528 4021 575 4072; x_wconf 69' lang='grc' dir='ltr'><strong>καὶ</strong></span> <span class='ocrx_word' id='word_1_228' title='bbox 593 4021 726 4090; x_wconf 71' lang='grc' dir='ltr'><strong>διάκρισιν</strong></span> <span class='ocrx_word' id='word_1_229' title='bbox 743 4021 798 4071; x_wconf 74' lang='grc' dir='ltr'><strong>τῶν</strong></span> <span class='ocrx_word' id='word_1_230' title='bbox 809 4019 950 4086; x_wconf 64' lang='lat' dir='ltr'><strong>decipiens</strong></span> <span class='ocrx_word' id='word_1_231' title='bbox 963 4020 1011 4070; x_wconf 71' lang='grc' dir='ltr'><strong>καὶ</strong></span> <span class='ocrx_word' id='word_1_232' title='bbox 1024 4016 1116 4070; x_wconf 70' lang='grc' dir='ltr'><em>ἕνωσιν</em></span> <span class='ocrx_word' id='word_1_233' title='bbox 1131 4019 1185 4069; x_wconf 76' lang='grc' dir='ltr'><strong>τῶι</strong></span> 
     </span>
     <span class='ocr_line' id='line_1_31' title="bbox 114 4113 521 4182; baseline -0.005 -18"><span class='ocrx_word' id='word_1_234' title='bbox 114 4113 322 4182; x_wconf 65' lang='grc' dir='ltr'><strong>διακεκριμένων</strong></span> <span class='ocrx_word' id='word_1_235' title='bbox 341 4114 521 4166; x_wconf 66' lang='grc' dir='ltr'><strong>ὑποτίθεται.</strong></span> 
     </span>
    </p>
   </div>
   <div class='ocr_carea' id='block_1_4' title="bbox 996 4203 1062 4278">
    <p class='ocr_par' dir='ltr' id='par_1_4' title="bbox 996 4203 1062 4278">
     <span class='ocr_line' id='line_1_32' title="bbox 996 4203 1062 4278; baseline 0.061 -4"><span class='ocrx_word' id='word_1_236' title='bbox 996 4203 1062 4278; x_wconf 83' lang='lat'><strong>25*</strong></span> 
     </span>
    </p>
   </div>
   <div class='ocr_carea' id='block_1_5' title="bbox 0 0 1480 4836">
    <p class='ocr_par' dir='ltr' id='par_1_5' title="bbox 0 0 1480 4836">
     <span class='ocr_line' id='line_1_33' title="bbox 0 0 1480 4836; baseline 0 1"><span class='ocrx_word' id='word_1_237' title='bbox 0 0 1480 4836; x_wconf 95' lang='lat' dir='ltr'><strong> </strong></span> 
     </span>
    </p>
   </div>
  </div>
 </body>
</html>
