2968 4838
265 372 328 434 510
661 385 707 430 nn
730 379 944 432 arta-outa

263 553 369 645 didit,
403 553 520 644 velut,
551 553 648 650 qnod
680 551 843 627 hominen
874 579 947 626 non
977 551 1093 625 solum
1128 556 1164 625 in
1200 551 1341 640 bestias,

264 676 325 750 aed
355 676 394 748 in
427 673 564 773 plantas
593 675 700 748 etiam
730 675 974 748 transformari
1004 674 1104 772 lingit
1127 683 1184 750 ²⁷.
1244 673 1344 747 Idem

265 823 351 872 vero
373 795 542 895 placitum
570 821 700 894 parurn
726 796 890 894 congruit
918 820 1003 868 cum
1031 819 1075 867 eo
1108 796 1208 898 qnod
1236 823 1344 896 supra

264 916 309 990 de
349 915 468 990 animo
509 915 649 1008 docuit,
684 917 908 990 intellectum
934 941 955 990 e
987 920 1141 1013 eorporis
1170 919 1343 1016 temperie

264 1039 361 1113 nasei
395 1053 431 1112 et
459 1038 632 1138 sanguine
653 1039 861 1137 praesertim
886 1037 1064 1112 contineri
1091 1051 1252 1112 statuens
1277 1043 1339 1108 ²⁸:

257 1175 349 1232 'nam
375 1160 403 1231 si
430 1183 533 1232 mens
560 1173 631 1234 tota
660 1187 681 1232 a
708 1184 853 1258 oorpore
875 1159 1050 1258 pendeat,
1080 1159 1147 1232 hoc
1172 1157 1344 1234 dissolmo

264 1280 360 1353 illam
378 1279 484 1354 simul
498 1279 638 1356 dtaolvi
651 1295 688 1356 et
703 1283 741 1353 in
760 1306 865 1355 auras
886 1307 1098 1356 evaneaoere
1114 1305 1259 1355 nemeae
1275 1295 1343 1372 eat,

265 1401 556 1502 necquidquam
582 1403 707 1502 prioris
735 1417 886 1476 naturae
914 1427 1110 1476 remanere.
1160 1403 1218 1474 sic
1238 1404 1345 1504 poaait

264 1522 415 1622 quidem
442 1549 488 1596 ex
510 1523 709 1616 elementis,
739 1522 873 1624 quihus
895 1523 1078 1624 quondam
1099 1525 1205 1598 homo
1227 1525 1346 1599 fuerat

266 1641 454 1737 conflatus,
481 1659 599 1742 postea
617 1645 727 1718 beotia
754 1645 810 1722 rel
838 1645 942 1718 arhor
966 1647 1052 1718 oriri
1067 1655 1134 1733 ²⁹3
1156 1660 1195 1716 at
1217 1648 1256 1720 in
1282 1645 1345 1718 hac

266 1767 464 1839 mutatione
485 1791 559 1839 non
584 1781 727 1840 maneat
747 1768 936 1866 ingenium
954 1777 992 1840 et
1013 1791 1128 1860 mena,
1152 1793 1249 1867 qnae
1265 1767 1347 1840 olim

267 1886 429 1978 fuerant,
453 1887 513 1960 aed
528 1889 580 1958 -in
610 1911 712 1962 novo·
733 1914 877 1987 corpore
900 1913 1018 1964 novus
1038 1889 1180 1962 animus
1201 1903 1346 1996 creseat,

267 2006 334 2108 qui
357 2034 441 2082 mon
462 2034 590 2082 nrroea
608 2008 823 2084 dissolvatur
837 2019 893 2080 ³⁰.
944 2011 998 2082 Ita
1022 2023 1144 2082 tamen
1166 2009 1348 2109 Empedo-

300 2183 358 2250 (27)
374 2183 500 2264 Plaeitnnr
519 2181 553 2236 de
570 2183 783 2253 metempsychosi
807 2201 874 2254 quae
892 2192 1010 2247 vocatur,
1027 2185 1061 2237 ah
1078 2185 1205 2254 Aegyptiis
1225 2183 1347 2252 petitum.

270 2281 324 2326 tarn
344 2273 371 2325 in
393 2273 615 2341 Pythagoreorum
637 2271 730 2326 acholio
752 2289 830 2343 quam
851 2274 877 2323 in
895 2273 1014 2342 Orphteia
1034 2274 1163 2340 myrtei-lia
1180 2281 1348 2342 pervagatam

269 2363 391 2434 varieque
405 2363 531 2416 traditum
547 2372 594 2418 eat.
627 2361 684 2413 Vid.
700 2362 734 2414 de
751 2363 800 2414 hoo
811 2361 941 2416 Philolaus
952 2362 1020 2432 apud
1033 2362 1157 2416 Clement.
1170 2363 1242 2416 Alex.
1256 2364 1347 2416 strom

268 2453 325 2508 ΙΙΙ,
346 2469 372 2522 p.
390 2452 439 2511 433
452 2456 487 2518 Α,
506 2454 625 2506 Timaeus
641 2451 718 2502 Locr.
735 2451 769 2504 de
790 2453 835 2504 hn.
853 2452 961 2512 Mundi,
979 2461 1044 2504 extr.
1060 2452 1135 2504 Plato
1152 2452 1218 2505 Tim.
1232 2469 1258 2522 p.
1271 2469 1303 2520 9⁰
1314 2471 1349 2524 aq.

268 2551 296 2594 et
306 2541 360 2593 aliia
374 2525 444 2594 lecit.
455 2541 588 2609 wytlenb.
604 2544 697 2610 Opust.
712 2543 756 2603 11;
773 2541 800 2590 in
811 2539 911 2592 Platon.
923 2541 1055 2593 Phaedon.
1066 2559 1092 2607 p.
1105 2559 1152 2593 aro
1165 2558 1221 2612 sqq·
1238 2541 1348 2595 Lobeeh.

269 2630 389 2700 Aglaoph.
399 2631 429 2682 Τ.
440 2633 477 2693 ΙΙ,
488 2648 513 2700 p.
529 2631 578 2703 795
594 2647 650 2701 sqq.
665 2629 774 2682 Boechh.
786 2629 813 2680 in
827 2629 931 2682 Pindari
946 2630 1036 2699 fragm.
1049 2633 1095 2698 9⁸5
1113 2631 1204 2682 [litter.
1222 2631 1347 2684 Cenchd.

269 2719 376 2787 Pythag.
387 2717 451 2772 Phil.
470 2737 496 2788 p.
512 2720 561 2772 ard
578 2737 632 2790 sqq.
645 2719 728 2772 hlnlta
739 2719 788 2770 hoe
800 2720 942 2788 spectantia
952 2719 986 2770 de
998 2719 1153 2790 Empedoele
1163 2728 1190 2772 et
1200 2721 1344 2790 Pythagora

270 2809 360 2862 similia
378 2818 534 2862 narrantur:
553 2810 626 2863 velut
646 2809 716 2880 qnod
735 2827 750 2859 a
766 2809 927 2876 Xenophane
944 2818 1104 2860 memoratur
1118 2809 1280 2876 Pythagorae
1295 2811 1346 2862 die·

271 2905 343 2958 tum,
364 2916 417 2969 qno
436 2915 526 2951 canem
545 2899 687 2952 verberare
705 2905 777 2950 vetat
793 2897 927 2967 (Xenoph.
943 2899 1008 2950 ltell.
1026 2915 1053 2967 p.
1070 2897 1126 2967 56);
1146 2899 1216 2970 qnod
1236 2900 1345 2966 ejusdem

272 2987 356 3042 fertur
372 2998 541 3060 praeceptum
558 2989 591 3042 da
607 2987 756 3042 animalium
771 2986 849 3040 caede
865 2987 950 3052 (ovid.
963 2990 1025 3042 liet.
1035 2991 1093 3054 XV,
1106 2989 1151 3054 ⁷⁵3
1162 2991 1195 3042 ot
1212 3001 1347 3042 caumont.

271 3095 350 3149 anpra
375 3079 409 3132 ad
428 3098 477 3133 raa.
496 3078 644 3144 4103163,
666 3077 796 3148 denique,
815 3085 846 3128 nt
866 3077 915 3128 alia
938 3080 1068 3142 omittam,
1090 3082 1219 3146 jactatum
1236 3079 1301 3131 illud
1317 3080 1348 3131 de

271 3169 415 3238 Pythagora
437 3168 581 3224 Panthoide
602 3169 689 3232 (ovid.
714 3169 779 3220 rtet
798 3169 856 3229 XV.
879 3169 946 3237 16⁰.)
966 3185 1025 3219 cum
1044 3168 1221 3238 Empedocleir
1243 3185 1349 3240 proram

272 3259 421 3313 conohront.
453 3259 537 3312 Etiam
557 3259 709 3327 rea-ipram,
726 3259 776 3309 hoe
795 3259 919 3329 placitum
932 3267 1078 3324 lamentet,
1096 3260 1234 3330 utrinatpm
1248 3259 1349 3311 nomina

273 3349 328 3400 lere
346 3351 523 3416 conjungunt:
540 3355 571 3397 nt
589 3347 658 3398 Sext
677 3346 773 3415 Pmpin
793 3349 850 3412 ΙΙΙ,
873 3365 931 3413 ¹²73
953 3349 1082 3402 Plutarch.
1102 3349 1136 3402 de
1156 3351 1207 3402 na
1221 3351 1297 3401 Cam.
1314 3351 1349 3409 ΙΙ,

273 3457 298 3508 p.
320 3453 370 3506 99⁷
391 3453 428 3509 aq.
449 3435 522 3503 (Vol.
540 3437 580 3498 ΙΙ,
595 3453 621 3505 p.
646 3433 692 3486 15⁰
711 3445 738 3487 et
764 3435 842 3502 ὧι),
863 3439 991 3508 Porphyr.
1010 3439 1080 3508 apud
1101 3439 1173 3492 stoli.
1195 3438 1261 3493 nell.
1279 3437 1349 3504 Pan

272 3549 298 3600 p.
314 3531 390 3592 ιοίιθῑ
408 3529 580 3596 hieronymus
597 3525 654 3579 adr.
673 3527 802 3581 Jorinian.
824 3531 866 3592 ΙΙ,
885 3532 950 3598 opp.
969 3530 998 3582 T.
1015 3533 1055 3588 ll,
1071 3547 1096 3597 p.
1114 3528 1145 3579 52
1164 3529 1201 3591 Ι),
1220 3537 1250 3582 et
1267 3529 1349 3598 plurea

273 3639 339 3692 quoa
357 3619 435 3672 citari
457 3619 505 3670 auh
525 3617 633 3688 Enped
651 3633 689 3670 va.
709 3617 760 3668 tto
778 3635 816 3688 oq.

307 3713 364 3778 (aa)
380 3710 438 3762 vid.
455 3710 575 3778 superine
592 3708 608 3778 5
624 3707 664 3761 35.

306 3803 364 3869 (²9)
383 3801 440 3851 lloe
458 3817 532 3852 aenan
545 3799 640 3868 aeoipit
654 3800 785 3861 Stamina,
797 3800 843 3870 qui
861 3807 888 3852 et
899 3801 1008 3854 aliorum
1027 3803 1259 3871 interpretationes
1275 3801 1349 3852 affert

274 3889 379 3958 Emped.
398 3905 424 3956 p.
444 3889 490 3952 47¹
510 3905 566 3959 aqq.

175 4001 177 4006 ·
307 3980 365 4043 (3ο)
385 3979 460 4028 Sicut
483 3980 615 4046 Epicureis
641 3979 739 4048 placuit
761 3981 839 4032 animi
857 3979 1076 4033 immortalitatem
1095 3981 1257 4034 nuenaihur.
1299 3980 1348 4032 hn-

275 4067 370 4118 eretiua
392 4069 432 4127 ΙΙ,
452 4083 487 4120 aa.
507 4069 568 4130 874:
