2968 4838
522 391 762 439 resinosursus.
1116 375 1178 436 493

98 559 260 662 singulae
293 572 410 658 partes
447 585 547 632 nuno
580 558 680 632 nobis
708 556 911 658 singulatim
939 555 1178 655 explicandae.

97 685 264 756 Primum
285 681 394 782 igitur
412 683 580 754 universe
600 681 740 772 statuit,
755 693 800 753 ut
815 678 920 752 modo
935 704 981 752 ex
996 678 1182 752 Aristotele

97 829 246 906 quoque
278 802 496 894 audivimus,
529 807 655 901 φρονεῖν
675 801 724 901 τῷ
748 802 847 906 ὁμοίῳ
871 805 910 878 τὸ
931 800 1056 896 ίίμοοονε
1084 797 1183 872 arhi-

98 941 213 1001 tratus
237 925 432 1016 nimirum,
457 949 513 998 res
537 924 674 1002 divinas
700 937 737 998 et
761 924 938 999 humanas
961 921 1105 996 anobis
1126 947 1182 995 co·

98 1048 204 1148 gitari
220 1123 223 1130 ,
241 1060 278 1120 et
309 1045 461 1145 perspici
496 1071 569 1118 non
603 1072 720 1147 posse,
754 1049 823 1121 nisi
852 1048 890 1119 in
922 1045 1183 1142 nobismetipsis

98 1196 225 1244 earum
256 1193 381 1242 rerum
412 1169 586 1267 principia
615 1169 719 1241 insita
754 1172 841 1242 sint:
876 1168 962 1242 hinc
990 1165 1179 1266 judicavit,
1231 1174 1232 1178 ’

99 1291 252 1392 intelligi
276 1317 297 1363 a
321 1289 425 1365 nobis
449 1317 505 1382 ea,
523 1315 681 1390 quorum
700 1293 738 1363 in
755 1291 898 1391 ingenio
912 1303 1031 1364 nostro
1046 1290 1181 1362 semina

98 1415 227 1504 insint3
256 1437 351 1514 quae
376 1427 496 1486 eontra
522 1411 639 1486 aliena
668 1414 738 1486 sint
764 1412 866 1486 nobis
889 1414 964 1488 sire
988 1409 1183 1499 dissimilia,

99 1559 142 1608 ea
164 1560 240 1610 non
264 1533 429 1633 intelligi.
478 1535 658 1610 Posterius
673 1533 742 1610 hoe
757 1549 914 1635 spectare
928 1533 1073 1609 ridetur
1087 1531 1185 1604 Aris*

100 1656 242 1748 toteles,
265 1657 309 1730 iis
331 1681 426 1757 qnae
450 1655 556 1731 modo
580 1657 767 1732 attulimus
792 1657 879 1731 haee
899 1652 1089 1754 subjiciens
1104 1659 1184 1725 ³⁰⁷:

102 1775 149 1854 lat
178 1776 313 1878 ἀνάγνοη
338 1776 491 1875 (τούτους
518 1779 662 1878 λέγειν),
690 1780 779 1873 lirae,
801 1778 910 1877 ὥσπερ
933 1779 1005 1854 ivios
1028 1778 1186 1876 λέγουσι,

101 1897 218 1976 ποίντοο
243 1902 292 1978 rit
321 1899 508 1996 Φοοονίμονοο
534 1895 613 1976 elam
636 1899 761 1993 ἀληθῆ,
783 1901 801 1992 η
825 1903 882 1992 την
902 1909 962 1974 τοῦ
991 1899 1185 1996 ἀνομοίου

85 2021 204 2115 -ίίξον
233 2019 396 2112 ἀπάτην
424 2017 516 2096 είνοοο·
540 2029 641 2095 τοῦτο
663 2019 735 2121 γάῤ
756 2020 897 2098 ἐναντίον
919 2021 969 2120 τῷ
998 2024 1121 2117 ὁμοίῳ
1145 2023 1185 2097 τὸ

102 2147 245 2243 ίμονον
265 2145 485 2246 γνωρίζειν·
508 2138 651 2221 tonsile
668 2145 725 2220 aul
743 2145 761 2235 ἡ
780 2143 900 2234 ἀποίτη
915 2141 1186 2240 κονίὴἔποστνίμη

101 2267 332 2346 resisterint
356 2269 375 2358 η
400 2264 484 2359 οοίτνί
506 2263 594 2344 εἶναι.
1021 2277 1027 2286 ’

101 2411 104 2418 ’
147 2395 277 2484 Quum
303 2403 424 2466 autem
448 2387 680 2489 Empedocles
703 2391 823 2468 omnia
848 2403 921 2463 tam
937 2387 1059 2462 dirina
1074 2411 1186 2488 quam

99 2515 261 2589 bumana
276 2601 279 2610 Ι
292 2511 336 2587 ad
368 2526 529 2614 quatuor
558 2511 735 2586 elementa
761 2513 853 2586 sicut
876 2509 1009 2584 radices
1034 2510 1185 2603 referat,

98 2637 180 2710 ideo
210 2633 411 2710 eorundem
436 2632 699 2708 elementorum
724 2635 975 2708 communione
999 2659 1065 2706 nos
1088 2659 1184 2734 quo-

29 2753 43 2836 l
99 2783 174 2860 que
210 2769 341 2832 cuncta
377 2781 521 2830 noscere
557 2755 749 2828 arbitratus
782 2769 850 2848 est,
884 2769 929 2828 ut
952 2757 1113 2848 animus,
1137 2781 1183 2830 ex

98 2877 263 2958 universi
299 2877 484 2978 principiis
518 2891 697 2968 constans,
731 2876 833 2976 quasi
865 2889 969 2950 testes
993 2877 1030 2948 in
1055 2903 1093 2951 se
1115 2875 1184 2950 ha-

98 3001 184 3076 beat
201 2998 525 3100 cognoscendarum
542 3001 759 3072 rerum³0⁸z
777 3000 826 3072 sio
843 2996 986 3072 aethere
1007 3003 1185 3073 noscimus

95 3123 284 3198 aetherem
313 3147 443 3222 resque
469 3119 644 3220 aetherias
667 3101 771 3193 nobis¹
791 3117 958 3218 objectas,
984 3125 1080 3196 terra
1106 3135 1183 3195 ter·

99 3271 180 3318 ram
210 3259 247 3318 et
274 3265 369 3345 quae
391 3258 508 3318 terrae
534 3255 699 3342 cognata,
719 3243 854 3342 pariter
876 3241 1025 3344 singulis
1045 3242 1186 3344 singula

99 3365 168 3440 illis
193 3365 454 3466 respondentia.
503 3365 578 3440 Hoc
599 3365 729 3464 ipsein
759 3362 922 3439 versibus
947 3364 1022 3440 suis
1043 3363 1187 3466 praedi-

134 3535 210 3603 (³⁰7)
227 3535 333 3586 Aristot.
348 3533 381 3586 de
398 3535 479 3586 Anius
497 3533 513 3584 l.
530 3534 546 3584 l
564 3551 588 3602 p.
610 3531 657 3586 502
676 3536 700 3586 B.

134 3625 207 3693 (308)
223 3625 260 3677 llt
278 3623 410 3690 eleganter
430 3621 493 3674 dicit
517 3621 674 3692 Philoponus
693 3625 719 3676 in
741 3623 844 3676 lristot.
864 3623 898 3676 de
920 3623 1000 3677 lninn
1020 3627 1070 3685 111,
1087 3625 1118 3690 li,
1142 3641 1186 3679 ιιι

102 3717 141 3784 (οἱ
166 3713 285 3781 φυσικοί)
309 3715 434 3782 ἐνόμιζον
457 3719 509 3783 τὴν
529 3719 623 3780 ψυχὴν
650 3717 679 3766 ἐκ
701 3716 812 3768 πάντων
830 3717 885 3766 τῶν
902 3713 987 3766 ὄντων
1003 3719 1186 3782 συγκεῖσθαι,

100 3807 150 3867 ἵνα
167 3811 198 3861 ἐκ
216 3813 271 3862 τῶν
284 3812 376 3880 ἀρχῶν
397 3810 561 3875 συγκειμένη
581 3805 640 3860 οἷον
662 3808 814 3879 ὁμήρους
834 3809 938 3878 ἔχουσα
958 3811 1050 3860 eaeor
1070 3809 1186 3881 γννάονοη

103 3902 187 3955 αὐτά·
205 3905 276 3956 οὕτω
295 3907 348 3974 γὰρ
371 3904 420 3955 set
436 3903 469 3954 τὸ
488 3899 716 3966 'amittamus
734 3903 800 3962 ἔντος
816 3904 865 3970 (rs.
883 3901 954 3967 321).
986 3902 1050 3954 Cum
1065 3901 1188 3954 moun·

102 3995 185 4046 tentia
208 3999 330 4062 congruit
357 3995 470 4048 Platonis
494 3993 591 4046 dietum
609 3993 636 4046 in
663 3993 781 4047 Phaedro
799 4011 827 4062 p.
847 4009 907 4058 270:
928 3998 1020 4062 ψυχῆς
1044 3980 1092 4046 οὖν
1110 3995 1188 4058 φύσιν

104 4086 182 4146 ἀξίοις
200 4077 285 4154 Myon
304 4093 470 4153 κατὰνοῆοαο
484 4086 538 4138 olas
554 4087 676 4138 δυνατὸν
696 4079 769 4138 εἶναι
784 4084 853 4138 ἄνευ
866 4069 916 4154 ἑῆς
926 4091 977 4138 τοῦ
990 4087 1056 4140 ὅλου
1067 4088 1187 4150 ‚inanes
