2958 4822
277 355 296 414 e
667 367 714 414 nn
738 369 953 416 nsrrnnocnrs

276 533 420 633 Olymp.
437 557 479 630 71
496 532 779 608 victoremluisse
790 585 800 624 ,
813 531 1061 630 Eratosthenes
1072 531 1111 604 in
1121 531 1342 633 Olympioni-

277 655 344 746 cis,
360 665 503 728 auctore
520 678 607 728 usus
621 651 819 746 Aristotele,
834 649 967 728 retulit.
1004 650 1234 753 Apollodorus
1250 679 1341 754 qno-
1403 645 1405 648 ’

273 775 401 875 quein
417 772 596 848 Chroniois
613 775 761 868 notovit,
779 773 846 848 hnc
864 772 1072 873 Olympiade
1091 773 1342 872 Empedoclem

272 895 414 996 physico
444 896 686 995 cognominem
717 893 828 998 celete
862 895 1043 974 victoriam
1071 909 1263 994 reportasse
1283 909 1342 978 ¹¹.

271 1017 366 1092 Gnm
391 1015 523 1117 quibus
545 1015 777 1114 comparanda
796 1031 883 1092 sunt
905 1043 998 1117 quae
1019 1019 1165 1117 Satyrus
1184 1018 1223 1092 in
1244 1017 1341 1110 vitis,

187 1141 189 1149 '
272 1153 361 1216 teste
378 1139 553 1238 Diogene,
571 1135 724 1233 scripsit:
746 1137 1020 1237 »Empedoclem
1037 1139 1210 1216 Esseneti
1228 1138 1343 1214 lilium

273 1261 398 1354 fuisse,
420 1273 528 1358 atque
550 1260 670 1355 ipsum
692 1283 838 1358 quoque
858 1283 905 1334 ex
925 1285 962 1334 se
983 1259 1098 1332 tilium
1117 1261 1343 1338 Emenctnm

271 1382 471 1482 reliquisse3
493 1391 530 1454 et
550 1376 677 1454 eisdem
693 1378 900 1483 Olympiade
918 1393 1057 1476 patrem
1076 1377 1185 1452 celete
1201 1380 1344 1473 vicisse,

270 1503 383 1577 lilium
404 1501 515 1590 loon,
536 1498 593 1575 vel
615 1514 658 1572 ut
674 1498 874 1574 Heraclides
894 1499 933 1570 in
950 1499 1062 1599 Satyri
1082 1500 1237 1574 vitarum
1255 1500 1343 1598 Epi·

271 1639 364 1698 tome
393 1621 495 1713 dicit,
524 1645 635 1696 cursu
669 1618 749 1694 ¹².''
797 1619 893 1692 Haeo
923 1644 1144 1720 quemquam
1171 1619 1343 1718 Diogenes

269 1747 319 1818 ita
350 1756 472 1818 narret
499 1743 600 1842 qussi
630 1740 676 1817 de
707 1738 920 1839 Empedocle
946 1737 1089 1840 physico
1118 1739 1227 1814 relate
1255 1732 1340 1832 sint,

269 1881 389 1939 tomen
421 1891 476 1940 res
507 1880 545 1940 et
573 1891 705 1940 nomen
737 1863 818 1938 setis
851 1862 1026 1954 indicent,
1062 1861 1107 1936 ad
1134 1861 1211 1962 ejus
1232 1889 1343 1940 evum

265 1988 445 2084 pertinere
458 2003 471 2038 ¹
482 1998 513 2078 ὃς
524 2015 642 2091 quum
656 1986 821 2088 physicus
832 1986 995 2060 omnium
1008 2009 1183 2060 consensu
1194 1985 1343 2060 Metonis

267 2091 361 2182 filius
383 2109 527 2186 habitus
547 2111 605 2204 sit,
627 2111 729 2210 isqde
747 2109 785 2181 in
806 2107 873 2180 alio
894 2107 1011 2205 potius
1029 2133 1141 2207 quem
1158 2106 1343 2208 equitandi

269 2227 387 2303 studio
404 2229 549 2322 landem
568 2244 718 2332 poneret
738 2243 775 2304 et
795 2227 1034 2304 celebritatem
1051 2242 1250 2329 quaereret.
1272 2227 1343 2301 Sed

267 2351 333 2422 iste
357 2375 591 2450 personarum
613 2353 773 2428 confusio
796 2363 923 2424 utrum
944 2350 989 2424 sit
1008 2350 1128 2450 Satyro
1151 2345 1342 2422 tribuenda

268 2495 315 2542 on
344 2473 512 2573 Diogeni,
542 2477 609 2578 qui
642 2473 737 2548 illins
769 2471 861 2546 diota
882 2469 1119 2571 negligentius
1138 2468 1264 2568 legerit
1284 2467 1343 2544 rel
1421 2543 1423 2548 ,

266 2616 396 2686 perum
419 2607 602 2686 accurate,
624 2607 668 2666 ut
687 2593 872 2666 interdum
894 2591 1000 2683 solet,
1020 2591 1251 2690 excerpserit,
1283 2592 1342 2664 in-

268 2724 407 2784 certum
421 2723 474 2786 ¹⁴.
525 2713 600 2788 Hoc
621 2725 762 2788 certum
778 2724 850 2802 est,
872 2710 1003 2785 multos
1024 2725 1142 2810 posteo
1161 2711 1342 2812 Empedo-

300 2891 358 2958 (rr)
374 2891 479 2960 Diogen.
488 2893 575 2948 trem
585 2893 646 2947 ibid.
656 2912 675 2946 s.
687 2895 715 2946 51
730 2904 756 2944 rt
766 2893 806 2948 52.
825 2891 923 2944 Ultimis
936 2893 1011 2960 hujus
1019 2891 1106 2945 verbis
1115 2891 1269 2943 leseritinm
1280 2891 1342 2945 snb·

268 2995 323 3032 esse
334 2980 444 3034 videtur.
464 2983 596 3050 Legrmtnr
607 2985 679 3043 bocer
692 2986 707 3038 d
718 2985 873 3055 dissociem
882 2985 931 3036 sol
940 2983 1153 3052 ἑβδομηκοστὴν
1162 2980 1341 3048 Ὀλυμπιάδα

268 3071 413 3141 νενικηκὸς
422 3075 524 3143 κέλητι,
533 3075 635 3130 τούτου
646 3081 754 3138 πάντως
762 3069 796 3146 ἦν
805 3077 955 3143 ὁμώνυμος,
968 3077 1002 3136 ὥς
1012 3075 1043 3128 D’
1053 3079 1111 3140 ἅμα
1123 3078 1170 3126 sol
1183 3078 1231 3128 ees
1243 3078 1342 3146 χρόνον

270 3163 325 3216 ὑπὸ
339 3169 390 3218 τοῦ
405 3163 622 3240 ’matheseos
636 3177 832 3240 σημαίνεσθαι.
850 3171 901 3222 Pro
916 3169 1000 3224 inutili
1012 3170 1195 3228 recendetes
1207 3167 1342 3234 legendnm

268 3273 360 3310 censeo
370 3260 489 3320 ordmer-
513 3261 587 3320 Quod
595 3271 681 3316 sutem
689 3265 821 3334 blensgius
833 3263 1046 3332 ἑβδομηκοστὴν
1055 3262 1081 3312 in
1093 3263 1241 3328 ἑξηκοστὴν
1249 3259 1343 3312 mutari

269 3346 358 3410 soluit,
371 3351 440 3403 nulla
451 3359 491 3405 est
500 3365 578 3406 muse
586 3369 635 3406 cnr
644 3355 780 3424 probetur.

302 3439 359 3506 (ro)
376 3440 434 3502 Vid.
443 3441 567 3508 Diogenes
579 3443 606 3496 b.
618 3443 708 3496 ibide.
721 3445 761 3498 5³.
779 3445 894 3500 Endoeie
904 3447 990 3516 p.169.

300 3529 357 3597 (13)
374 3531 467 3599 Utinm
476 3533 745 3590 torristonam.
757 3538 837 3606 lll‚p.
852 3532 1240 3602 1375Dodsrell.deeet.Pbsler.
1252 3551 1277 3602 p.
1286 3551 1344 3596 2205

270 3621 389 3687 donem,
400 3630 428 3673 et
440 3623 522 3690 berle,
531 3624 556 3675 ll.
565 3621 592 3674 ll
604 3623 688 3676 Stnrr.
696 3624 801 3695 Emped.
813 3642 836 3694 p.
850 3623 865 3676 5
877 3633 904 3677 et
917 3625 945 3676 ι6
954 3623 1073 3676 arbitrati
1085 3631 1153 3676 sunt.

301 3709 359 3774 (tlt
375 3709 499 3778 Diogenes
509 3730 561 3766 non
572 3730 631 3766 rero
645 3714 672 3765 in
683 3715 811 3783 excerptis
823 3712 1005 3784 componendis
1015 3711 1153 3766 edmodnm
1165 3713 1272 3766 tonsure
1283 3715 1343 3779 egit.

271 3801 312 3853 Sic
330 3800 417 3870 paullo
436 3802 567 3871 superios,
588 3813 724 3874 postquem
745 3821 778 3856 ex
799 3804 968 3856 Eratosthene
992 3803 1117 3864 narrarit,
1145 3817 1172 3864 7¹
1196 3802 1346 3872 Olympiade

270 3893 381 3946 Metonis
395 3901 496 3961 petrem
513 3893 618 3952 vicisse,
635 3894 720 3946 statim
734 3893 855 3962 deinceps
869 3893 941 3946 addit
953 3911 972 3946 ο.
984 3891 1032 3945 bs:
1056 3893 1267 3964 Ἀπολλόδωρος
1282 3894 1345 3948 δὲοὶ

271 3991 459 4060 γραμματικὸς
470 3990 498 4040 ἓν
508 3998 566 4046 τοῖς
576 3999 711 4057 χρονικοῖς
719 3990 811 4056 φησὶν,
822 3984 856 4044 ὥς
864 3974 897 4052 ἢν
906 3986 1036 4044 Μέτωνος
1044 3985 1094 4052 μὲν
1103 3989 1168 4044 υἱός.
1188 3986 1258 4046 Quee
1270 3985 1344 4038 lreile

267 4077 305 4160 pic
317 4077 484 4146 intelligeres,
504 4079 575 4150 qoosi
587 4097 601 4132 e
614 4079 742 4132 sententie
755 4075 902 4146 Apollodori
914 4077 1023 4128 Metonis
1041 4076 1107 4132 filins
1125 4077 1192 4130 bane
1210 4075 1345 4132 victoriam
