2952 4836
490 335 494 342 Ι
536 393 774 444 ammsoama.
1126 381 1190 446 aaa

117 557 310 650 affirmare,
326 569 463 631 motum
484 583 569 633 vero
583 557 687 632 modo
703 581 792 651 esse,
810 557 913 632 modo
932 583 1003 632 non
1020 584 1094 634 csse
1109 585 1194 634 oon·

115 679 286 772 tendere3
318 693 439 754 contra
472 705 616 754 necesse
646 705 741 773 esse,
777 681 806 754 si
835 695 977 780 tempus
1005 694 1193 756 aeternnm

116 803 179 896 sit,
207 815 348 876 motum
373 827 520 903 quoque
548 803 807 900 sempiternum
832 827 923 878 esse:
960 803 987 878 si
1008 800 1039 879 δ’
1058 802 1192 880 ἐστὶνὸ

116 925 238 1025 χρόνος
261 920 411 1014 κινήσεως
433 921 566 1022 &propte
590 922 609 1016 l
632 927 748 1014 κὶνησὶς
771 956 843 1020 τις,
876 923 963 1024 {irrep
990 925 1059 1002 del
1086 927 1195 1026 χρό-

115 1073 180 1127 νος
219 1043 332 1138 ἐστὶν,
366 1043 500 1146 ἀνάγκη
533 1049 590 1123 κα)
626 1051 801 1138 κίνησιν
835 1047 989 1126 ἀΐδιον
1022 1045 1193 1126 εἷναιῐᾶθ.

114 1167 261 1243 Rectius
285 1165 433 1268 quidem
455 1168 522 1244 hac
543 1169 588 1244 de
610 1197 651 1246 re
677 1170 926 1271 Empedoclem
941 1170 1112 1270 judicasse
1132 1171 1193 1246 di-

114 1291 162 1362 cit
193 1317 306 1390 Qum
341 1290 443 1384 alios,
474 1291 629 1392 exempli
666 1291 800 1391 gratia,
834 1293 1099 1394 Anaxagoram,
1127 1295 1193 1393 qui

116 1410 330 1487 universum
351 1437 416 1511 per
435 1415 619 1488 infinitum
637 1429 780 1514 tempus
797 1415 972 1514 quievisse
992 1413 1094 1506 dixit,
1112 1428 1193 1488 tum

114 1544 238 1606 autem
260 1531 378 1606 subito
402 1537 530 1609 mentis
551 1535 764 1636 impulsione
783 1549 1000 1610 commotum
1012 1559 1107 1608 esse:
1127 1533 1194 1608 hoc

114 1653 213 1725 enim
239 1667 293 1727 est
319 1654 395 1730 vim
418 1656 535 1731 facere
557 1673 722 1750 naturae,
748 1655 978 1756 Empedocles
999 1671 1094 1730 certe
1117 1679 1191 1738 or-

115 1773 268 1849 dinem
292 1776 476 1876 quendam
495 1779 656 1872 iuduxit3
677 1795 832 1854 attamen
853 1781 892 1852 in
907 1805 948 1852 eo
965 1775 1194 1877 reprehendit

114 1893 239 1989 illum,
262 1897 375 1998 quod,
396 1925 491 2000 quae
510 1901 717 1974 mutationis
738 1901 840 1974 istius
862 1909 982 1972 caussa
1001 1901 1047 1971 sit
1068 1911 1105 1972 et
1125 1921 1192 1972 cur

79 2089 81 2095 .
114 2018 325 2118 aequalibus
358 2021 526 2120 temporis
553 2021 748 2097 intervallis
769 2019 825 2120 (δι’
847 2021 928 2098 'icor
954 2020 1091 2121 χρόνων)
1113 2022 1193 2112 liat,

114 2163 187 2212 non
211 2139 440 2238 explicuerit,
460 2155 603 2216 tantum
627 2141 780 2235 dixerit,
800 2145 849 2218 ita
869 2159 1019 2217 naturae
1039 2165 1193 2214 consen-

114 2273 264 2336 taneum
292 2287 366 2336 esse
390 2261 490 2356 (odra
510 2265 657 2363 πέφυκε)
681 2263 738 2338 vel
764 2266 812 2338 ita
835 2264 1038 2338 necessitate
1060 2263 1193 2334 consti-

115 2393 239 2456 tutum
253 2383 292 2430 ¹⁶
299 2385 332 2459 ⁶.
384 2385 479 2459 Haec
506 2383 725 2480 Aristotelem
744 2387 809 2486 qui
830 2384 994 2485 quamvis
1016 2381 1191 2456 subtiliter

115 2503 337 2604 Empedoclis
360 2507 484 2606 placita
503 2509 700 2595 examinet,
722 2507 768 2582 ab
789 2507 883 2581 illius
902 2521 1022 2579 tamen
1044 2517 1191 2578 senten-

115 2621 162 2697 tia
195 2641 235 2700 et
267 2643 389 2704 mente
422 2627 604 2704 deflexisse
631 2629 784 2706 videtur.
847 2627 938 2702 Nam
968 2623 1071 2699 ambo
1104 2621 1190 2698 haec

114 2744 275 2842 decreta,
310 2764 486 2850 tempus
522 2765 753 2826 aeternum
790 2777 900 2843 esse,
942 2763 1108 2823 motum
1146 2761 1191 2822 et

115 2869 312 2966 quietem
334 2871 531 2966 variari,
550 2899 772 2974 quamquam
788 2873 894 2947 ducta
908 2897 954 2946 ex
972 2867 1191 2971 Empedoclis

115 2989 251 3086 verbis,
280 2993 325 3068 ab
348 2995 424 3092 ipso
443 3007 563 3069 tamen
585 2993 824 3068 demonstrata
843 3019 919 3098 non
940 3007 1035 3066 sunt
1085 2991 1190 3063 Prius

115 3113 262 3210 quidem
286 3115 416 3190 horum
438 3115 541 3190 liccat
562 3115 707 3190 fortasse
731 3114 778 3189 ob
796 3114 945 3188 tacitum
966 3110 1190 3214 physicorum

117 3259 328 3314 consensum
343 3237 505 3338 probari,
524 3237 676 3312 alterum
694 3237 776 3337 plus
799 3235 905 3310 habet
921 3236 1187 3310 controversiae.

117 3353 172 3428 Ab
183 3359 371 3434 Aristotele
387 3361 425 3432 in
439 3359 506 3435 hoc
520 3361 679 3434 dissentit
691 3359 886 3450 Eudemus,
901 3359 966 3458 qui
982 3356 1075 3447 dicit,
1086 3353 1190 3454 quie-

117 3485 188 3550 tem
204 3479 405 3554 secundum
422 3479 673 3580 Empedoclem
690 3479 849 3554 obtinere
866 3481 904 3552 in
921 3477 1086 3578 sphaera,
1103 3500 1189 3573 reg·

117 3613 226 3673 nante
241 3602 419 3694 Amicitia,
431 3616 570 3676 motum
581 3625 723 3695 rursus,
741 3599 980 3677 invalescente
993 3595 1186 3672 Discordia:

118 3715 264 3815 Εὔδημος
278 3718 314 3798 δὲ
331 3723 387 3814 τὴν
403 3722 569 3813 ἀκινησίαν
585 3721 617 3799 ἓν
637 3727 680 3821 τῇ
695 3727 752 3814 τῆς
767 3725 879 3803 Φιλίας
896 3720 1086 3818 ἐπικρατείᾳ
1097 3717 1189 3792 aare

118 3840 172 3917 rto
194 3849 333 3944 σφοᾶρον
361 3845 559 3949 ἐκδέχεται,
589 3845 725 3924 ἐπειδᾶν
752 3845 889 3924 tram
911 3838 1080 3941 ανγκριθῇ·
1105 3897 1114 3916 .
1140 3895 1149 3912 ·
1178 3895 1186 3912 ·

149 4011 219 4080 css)
235 4013 339 4068 aesca
358 4015 419 4069 ma.
438 3991 466 4088 p}
486 4019 535 4072 320
555 4023 582 4074 a.
766 4075 769 4083 ,

150 4101 222 4170 (166)
240 4104 340 4160 daiatot.
361 4107 377 4159 1.
397 4108 413 4162 1.
432 4125 457 4179 p.
479 4109 527 4162 320
545 4109 616 4161 u-tt.
634 4109 666 4162 cl.
683 4107 795 4178 simplic.
814 4107 840 4160 in
854 4107 931 4174 Phys.
950 4104 967 4155 s.
985 4117 1031 4166 syo
1054 4101 1080 4164 Β,
1100 4093 1145 4162 278
1159 4098 1187 4152 Α.
