2958 4822
252 353 294 415 34
648 371 695 416 on
719 369 952 417 naennoonrs
981 381 983 391 ·

253 536 356 612 novis
375 537 580 610 commentis
604 548 640 608 et
657 534 792 610 artibus
808 534 946 634 erigere
967 559 1007 608 ao
1027 547 1226 608 sustentare
1246 551 1334 610 sunt

254 657 380 728 conati.
405 653 613 755 Apollonius
628 653 688 730 ille
702 654 886 757 Tyaneus,
899 655 965 730 etsi
977 653 1122 756 ingenio
1136 653 1272 754 dispar,
1287 668 1334 744 ta·

253 799 339 850 naen
356 779 385 850 si
406 775 497 851 faeta
517 774 595 875 ejus
610 788 647 852 et
660 774 777 851 studia
789 789 943 876 spectes,
956 775 1045 850 alter
1060 799 1174 876 paene
1190 773 1334 851 videtin

255 895 495 995 Empedocles.
535 896 602 970 llic
618 921 704 974 vero
719 895 865 972 illorum
880 923 971 998 quos
984 895 1059 970 dixi
1075 896 1213 970 neutris
1227 895 1336 994 plane

254 1017 391 1112 similia,
403 1016 465 1092 sed
476 1029 521 1091 ut
535 1030 659 1110 aetate,
673 1015 724 1092 sic
739 1018 883 1118 ingenio
899 1021 1000 1120 quasi
1017 1016 1159 1092 medius
1175 1029 1228 1090 est
1238 1016 1336 1088 inter

255 1151 438 1240 utrosque.
494 1136 717 1238 Empedoclis
749 1139 848 1214 enim
864 1119 1038 1240 'tempore
1069 1163 1190 1213 mores·
1215 1162 1336 1210 neca

254 1262 367 1358 prisca
383 1258 588 1360 integritate
606 1273 643 1334 st
660 1259 782 1362 vigore
800 1287 946 1360 prorsus
962 1260 1280 1361 degeneraverant,
1298 1271 1337 1330 et

253 1391 374 1454 tamen
407 1379 603 1482 vergebant
633 1380 705 1482 jam
731 1381 777 1456 ad
805 1381 923 1457 labem
951 1381 1068 1466 illam,
1099 1405 1194 1481 quae
1220 1380 1337 1454 serius

253 1501 375 1576 omnia
394 1502 581 1580 concussit.
630 1505 730 1579 Num
746 1527 831 1604 ergo
847 1502 1041 1596 miremur,
1052 1501 1132 1576 talis
1149 1497 1220 1576 viri
1236 1502 1337 1601 inge·

252 1611 357 1694 nium
369 1623 569 1725 ,utriusque
590 1625 758 1725 temporis
775 1625 878 1726 quasi
898 1639 982 1698 nota
1002 1625 1181 1724 signatum
1203 1623 1335 1714 fuisse,

255 1755 292 1816 et
314 1743 493 1842 poeticum
516 1744 679 1821 ardorem
703 1747 742 1818 in
762 1771 805 1821 eo
819 1771 905 1820 cum
919 1746 1072 1818 fanatico
1085 1743 1242 1845 quodam
1255 1771 1338 1820 sen-

254 1889 300 1938 su
327 1851 438 1940 fuisse
463 1865 725 1966 conjunctum?
747 1867 839 1939 Hinc
859 1879 934 1940 tam
958 1865 1098 1944 diversa
1119 1863 1166 1940 de
1189 1865 1250 1940 illo
1274 1865 1338 1966 ju-

254 1983 359 2078 dicia,
388 2009 462 2060 non
491 1985 610 2062 solum
639 2000 881 2086 posterorum,
908 1985 1102 2062 sedetiam
1130 1987 1339 2088 aequalium

255 2105 350 2205 eius,
367 2119 412 2181 ut
429 2105 611 2184 declarant
629 2123 771 2207 praeter
791 2107 857 2182 alia
878 2107 1021 2184 fabulae
1041 2108 1088 2184 de
1105 2107 1184 2210 ejus
1201 2121 1338 2201 morte,

256 2253 346 2325 quas
368 2227 531 2304 hocloco
553 2253 734 2328 exponere
756 2255 829 2304 non
851 2211 1010 2305 alienum
1032 2230 1187 2308 videtur.

757 2500 833 2582 §a

306 2717 376 2790 Res
399 2717 446 2791 ab
470 2717 627 2816 antiquis
646 2717 744 2794 varie
770 2731 952 2793 narratur.
1008 2719 1212 2794 Heraclides
1238 2721 1338 2796 Pon-

193 2907 196 2912 .
258 2839 404 2914 ticus⁸⁸
429 2835 561 2936 prodit,
578 2829 680 2928 eum,
703 2849 893 2938 postquam
916 2841 1119 2916 exanimem
1141 2839 1238 2917 illam
1257 2867 1337 2916 mu·

258 2961 384 3036 lierem
411 2959 506 3038 vitae
537 2955 759 3048 reddidisset,
787 2961 996 3036 sacrificium
1019 2963 1212 3038 instituisse
1240 2965 1339 3064 apud

258 3109 388 3184 agrum
423 3079 551 3156 nobilis
583 3079 770 3181 cujusdam
804 3083 890 3178 viri,
932 3083 1136 3160 Pisianactis
1170 3087 1338 3178 nomine,

257 3232 333 3308 quo
352 3203 501 3306 quidam
522 3228 569 3278 ex
591 3201 670 3304 ejus
691 3205 810 3280 amieis
831 3207 971 3284 invitati
991 3221 1112 3300 erant,
1132 3209 1228 3284 inter
1249 3235 1340 3310 quos

259 3327 367 3403 etiam
383 3323 590 3400 Pausanias.
628 3325 837 3402 Secundum
853 3327 1091 3430 Hermippum
1106 3329 1150 3404 ad
1165 3333 1341 3430 octoginta

258 3449 399 3526 invitati
422 3448 529 3523 fuere
549 3451 606 3523 ⁸⁹.
657 3447 811 3523 Peractis
825 3449 955 3550 epulis,
974 3449 1132 3554 reliquos
1151 3454 1265 3526 somni
1284 3477 1342 3526 ca·

219 3561 221 3565 ’
260 3569 382 3674 piendi
410 3595 531 3644 caussa
551 3569 719 3671 digressos
742 3575 873 3672 passim
896 3573 1118 3668 recubuisse,
1158 3573 1341 3675 Empedo-

258 3693 351 3769 clem
371 3689 486 3766 solum
503 3691 543 3764 in
559 3690 633 3766 loco
648 3691 712 3766 ubi
728 3693 950 3772 accubuisset
968 3699 1187 3773 remansisse.
1235 3695 1340 3769 Mane

261 3831 385 3893 autem
405 3839 526 3916 quum
549 3814 658 3890 ceteri
678 3816 933 3912 surrexissent,
954 3817 1058 3893 illum
1080 3845 1153 3892 non
1175 3841 1250 3890 esse
1277 3815 1339 3888 in·
1372 3817 1375 3822 ’

293 4001 351 4066 (88)
370 3995 443 4067 Apud
458 3995 560 4063 Diogen.
581 3995 668 4049 laert.
687 3999 763 4060 vm,
782 4017 800 4051 a
817 4001 858 4060 67,
874 3999 913 4051 68.
1000 4057 1009 4072 .

296 4091 353 4160 (89)
371 4085 483 4148 ibidem,
501 4103 519 4138 a.
537 4085 577 4152 69
