2958 4822
243 351 246 358 '
260 341 313 402 Μ’
647 351 960 404 mammona!

145 521 148 528 ’
258 519 359 594 catur
377 519 567 595 interclusa
587 505 787 619 respiratio,
801 545 874 620 qua
890 519 1035 618 spiritua
1052 517 1175 593 nullus
1192 532 1248 592 est
1261 529 1336 592 aar·

258 641 345 714 adeo
369 640 543 741 exiguas,
566 655 609 714 ut
629 641 752 732 mntiri
779 646 952 740 nequeat:
977 641 1036 713 oui
1056 636 1152 712 analo
1172 640 1335 712 manime

257 759 431 850 obnoxius
452 787 527 836 esse
551 761 682 834 dicitur
703 761 920 836 feminarum
942 785 1065 854 mnus,
1084 762 1327 860 earnmiquae

256 880 365 980 vulgo
389 885 556 980 irrepere>
583 880 807 980 appellantur
826 889 882 954 ⁵⁹.
933 882 1065 956 Fertur
1087 882 1206 979 igitar
1220 881 1339 978 Agri·

255 1003 354 1108 genti
384 1002 495 1076 luisse
526 999 657 1075 mulier
691 1001 888 1101 quaedam
921 1001 1025 1101 cujus
1056 1004 1161 1076 etiam
1192 1025 1336 1096 nomen.
1420 1069 1423 1076 .

255 1119 470 1218 meminere,
483 1165 529 1181 -
545 1123 762 1222 Hermippus
778 1121 974 1195 Pantheam
995 1122 1202 1222 appellatam
1219 1120 1327 1196 tradi·

254 1241 305 1314 dit
320 1247 375 1335 ⁶0,
394 1285 442 1302 -
457 1269 551 1340 quae
572 1271 637 1343 per
660 1243 864 1342 complures
879 1243 953 1324 dies
973 1245 1159 1316 continuos
1178 1243 1328 1340 (socun-

254 1361 343 1436 dum
363 1363 570 1464 Diogenem,
592 1365 749 1464 triginta3
769 1362 969 1436 secundum
988 1361 1145 1436 Plinium
1163 1361 1327 1461 probabi-

253 1482 342 1576 lius,
362 1486 513 1583 septem)
529 1485 567 1532 ⁶¹
590 1481 668 1556 sine
691 1481 920 1582 respiratione
937 1497 973 1555 et
989 1485 1198 1556 arteriarum
1216 1483 1327 1580 pulsu

253 1633 318 1684 rate,
337 1626 364 1676 in
381 1624 431 1678 hoo
451 1643 513 1678 vero
532 1626 636 1686 fallitur.
653 1625 730 1695 quod,
740 1641 806 1694 quae
822 1625 959 1690 aDiogeae
970 1625 1049 1678 relata
1060 1634 1130 1684 runt,
1144 1641 1177 1676 ea
1186 1627 1328 1678 Heraclidis

254 1715 322 1770 libro
339 1720 405 1788 negt
422 1719 505 1772 νόσων
521 1715 612 1770 hausta
628 1722 709 1784 putat.
729 1713 781 1764 Etsi
791 1713 925 1766 credamus
936 1714 1039 1784 quidem
1051 1713 1126 1785 (qnid
1137 1715 1203 1766 enim
1216 1715 1328 1784 obstati)

255 1807 415 1860 Heraclidem
427 1809 504 1862 etiam
515 1809 541 1858 in
552 1809 600 1858 hoe
611 1821 689 1874 opere
699 1803 731 1856 de
740 1819 770 1854 ea
779 1821 808 1855 re
817 1804 973 1854 mentionem
983 1803 1079 1858 lecisae.
1086 1803 1230 1868 diligentior
1240 1815 1328 1859 tamen

253 1896 294 1948 rei
304 1898 434 1949 enarratio
453 1898 567 1966 exposita
585 1905 641 1946 erat
660 1895 685 1944 in
698 1891 817 1958 singulari
827 1891 871 1942 illo
888 1893 955 1945 libro
968 1898 1033 1964 περὶ
1043 1901 1091 1964 τῆς
1100 1893 1198 1963 ἄπνου,
1214 1896 1283 1948 unde
1299 1905 1328 1950 et

253 1985 361 2038 Galcnnr
380 1995 410 2038 et
426 1985 525 2038 Plinius'
543 2001 598 2036 rena
613 1983 734 2053 retulere,
752 1997 811 2032 eum
829 1983 942 2047 Diogene
954 1985 1008 2038 lere
1019 1987 1213 2037 consentientes.
1234 1987 1328 2056 ltaque

253 2074 435 2136 statuendam,
461 2084 506 2126 ant
529 2075 667 2139 Diogenem
687 2071 821 2122 amborum
842 2072 968 2138 librorum
981 2073 1083 2152 'titulos
1101 2071 1262 2136 confudisse,
1279 2083 1327 2126 ant

251 2166 385 2234 anperiora
400 2165 503 2235 quidem
517 2163 569 2224 illa,
580 2177 647 2232 quae
658 2179 677 2212 s.
691 2160 724 2212 6ο
736 2159 826 2211 scribit
838 2160 880 2222 (cl.
893 2171 946 2214 not
961 2163 1014 2230 6ο).
1027 2183 1059 2216 ex
1071 2182 1150 2234 opere
1164 2168 1229 2234 περὶ
1243 2165 1327 2218 νόσον

251 2252 378 2318 desumta,
390 2254 487 2325 reliqna
498 2271 512 2305 e
523 2253 591 2305 libro
603 2255 670 2322 περὶ
679 2257 727 2319 τῆς
740 2251 840 2315 ἄπνου,
850 2252 923 2319 cujus
941 2255 1096 2305 mentionem
1113 2255 1211 2306 incuria
1230 2256 1263 2306 ab
1280 2255 1325 2308 illo

252 2343 368 2396 orniraam
385 2359 448 2397 esse.
474 2343 513 2396 ob
530 2343 596 2397 hinc
614 2359 727 2396 causeam
745 2341 867 2411 eliasque,
885 2357 948 2412 quas
966 2351 1020 2393 not.
1036 2343 1064 2394 6ι
1079 2345 1192 2403 afferam,
1204 2345 1324 2414 equidem

250 2434 373 2504 suspicor,
392 2433 524 2485 laertium
535 2449 590 2486 rem
607 2451 659 2484 non
673 2449 705 2484 ex
716 2434 770 2500 ipro
782 2429 916 2482 Heraclide
927 2429 970 2482 sed
980 2432 1014 2482 ab
1024 2431 1079 2484 aliis
1090 2441 1240 2486 mutuatam
1251 2451 1322 2491 ease.

250 2521 387 2575 fortassee
404 2521 518 2584 Timaeo,
536 2523 581 2592 qui
600 2521 707 2574 eandem
725 2519 899 2571 narrationem
914 2521 1003 2572 retulit
1021 2523 1089 2590 apud
1106 2522 1190 2576 Laert.
1205 2541 1225 2575 s.
1240 2539 1266 2586 7¹
1286 2542 1324 2596 sq.

250 2611 367 2663 Timaeus
385 2612 488 2682 quidem
503 2611 665 2662 Heraclidem
680 2609 714 2661 ibi
728 2619 757 2660 ut
769 2611 991 2678 ποραδοξολόγον
1002 2611 1182 2680 repreliendit3
1197 2611 1247 2665 hoe
1259 2631 1322 2667 vero

246 2691 302 2751 'non
315 2699 348 2750 ad
365 2716 422 2752 eam
438 2717 493 2752 rena
506 2699 539 2750 de
555 2715 606 2768 qua
618 2715 688 2750 nnuc
699 2699 812 2764 agimus,
825 2699 869 2752 sed
880 2700 916 2752 ad
928 2703 1103 2754 narrationem
1115 2701 1147 2753 de
1156 2701 1324 2774 Empedoclis

249 2795 332 2841 morte
349 2796 455 2856 spectat.

282 2899 339 2969 (59)
351 2900 409 2952 tid.
420 2899 530 2952 Galenus
541 2907 568 2953 et
580 2899 676 2951 Plinius
690 2900 716 2950 ll.
728 2899 754 2949 ll.
768 2901 916 2952 inauratior
930 2902 1039 2972 explicat
1052 2907 1134 2958 Stura.
1145 2925 1170 2977 p.
1181 2909 1222 2960 63.

282 2989 340 3058 (60)
356 2989 461 3056 Diogen.
475 2988 560 3056 Laert-
575 3007 594 3042 a.
605 2989 638 3057 69
648 3011 654 3042 ι
664 2982 821 3060 Ἕρμνππος
839 2991 871 3047 δὲ
888 2996 963 3061 φησι,
974 2995 1120 3050 Πάνθειάν
1134 3020 1198 3053 τινα
1212 2999 1322 3072 'Aspu-

248 3084 391 3151 γαντίνην,
412 3081 616 3150 ἀπηλπισμένην
637 3082 692 3136 alni
711 3087 765 3138 τῶν
786 3089 904 3156 ἰατρῶν,
923 3093 1099 3158 θεραπεῦσαι
1120 3091 1226 3144 αὐτόν’
1246 3095 1321 3146 lianc

247 3173 355 3226 eandem
371 3171 560 3239 intelligendam
577 3188 631 3226 esse
647 3183 727 3246 atque
743 3184 794 3247 την
810 3179 922 3241 ἄπνουν,
939 3181 977 3232 rei
999 3182 1115 3233 narratio
1135 3183 1195 3234 ratis
1212 3185 1305 3248 arguit.
1331 3181 1334 3191 '

280 3261 337 3328 (δι)
354 3261 450 3314 Plinius
461 3261 478 3314 l.
489 3262 505 3314 l.
519 3261 642 3328 Diogenes
654 3281 672 3316 s.
682 3265 727 3328 er,
739 3273 811 3337 cnjus
822 3271 956 3322 haeream
967 3271 1064 3325 rerba:
1078 3279 1129 3342 τὴν
1140 3277 1208 3342 γοῦν
1216 3274 1323 3327 ἄπνουν

247 3351 261 3401 ὅ
278 3347 459 3421 Ἡράκλειτος
473 3357 538 3421 φησὶ
554 3358 680 3408 τοιοῦτόν
696 3379 724 3410 τι
741 3357 828 3426 εἶναι,
850 3363 884 3423 ὣς
897 3367 1044 3434 τριάκοντα
1056 3370 1159 3439 ἡμέρας
1176 3381 1323 3439 συντηρεῖν

204 3491 208 3502 ,
246 3443 351 3498 ἄπνουν
376 3448 424 3500 ecel
446 3445 567 3515 ἄσηπτον
584 3450 617 3499 τὸ
631 3451 716 3512 σῶμα.
749 3455 947 3524 Exscripserunt
966 3455 1029 3509 haec
1048 3461 1137 3513 Suidas
1153 3464 1182 3514 ia
1201 3463 1319 3528 ἄπνους,

245 3541 273 3586 et
291 3535 401 3603 llesycla.
414 3537 466 3591 trit
497 3537 547 3590 Pro
566 3537 751 3609 'Hpanlra'ror
766 3543 812 3610 leg.
832 3544 1028 3616 Ἡράνλινδης,
1045 3559 1076 3600 ut
1093 3551 1155 3604 vidit
1166 3555 1198 3606 la.
1211 3555 1319 3606 casaub·

244 3623 366 3694 ἄσηπτον
381 3626 432 3683 rel.
454 3636 488 3688 ,ut
503 3629 657 3692 illiderent
672 3650 827 3704 quamquam
844 3638 949 3705 intelligi
966 3647 1067 3708 potest,
1086 3647 1191 3700 tamea,
1209 3652 1317 3697 auctore

244 3716 350 3772 Hieron.
361 3719 517 3780 Mercuriali,
528 3725 680 3778 mutandum
690 3727 715 3776 ia
728 3726 875 3792 ἄυφυιτον,
885 3727 954 3798 qnod
965 3727 1043 3780 hebet
1051 3727 1168 3792 Galenns3
1179 3737 1318 3786 utmonnit

242 3807 294 3872 jam
303 3805 433 3872 Menagius
442 3805 512 3858 Olus.
522 3809 548 3860 iu
562 3811 631 3879 Diog.
645 3815 732 3869 Laert.
745 3818 773 3870 t.
785 3821 802 3880 i,
813 3837 832 3872 s.
846 3836 883 3871 aa.
893 3837 919 3888 p.
929 3835 953 3886 9.
965 3818 1048 3870 Porro
1058 3821 1329 3894 τρνιίυουιοιἠοιιίηυι1

243 3893 346 3948 ridetur
359 3888 413 3949 esic
429 3900 608 3968 πορόνουσμοι
619 3901 716 3956 tiarati
731 3913 758 3958 et
777 3907 929 3960 mutandum
946 3909 973 3959 in
988 3910 1074 3976 inre,
1091 3919 1121 3963 at
1131 3913 1211 3966 habet
1219 3915 1318 3970 Plinius

243 3997 276 4033 ex
288 3985 377 4038 codena
392 3989 527 4045 Heraclide
540 3993 654 4048 dantum.
682 3995 799 4067 Denique
815 4005 870 4050 tota
886 3997 965 4050 dictio
983 4001 1117 4056 obscurior
1132 4011 1185 4066 ert,
1201 4013 1227 4056 et
1243 4004 1317 4058 heila

243 4073 339 4136 irruit,
357 4077 427 4146 qued
447 4079 524 4136 modo
541 4082 608 4146 dixi,
628 4085 767 4152 Diogenem
783 4103 833 4140 uon
853 4105 883 4142 aa
901 4089 956 4157 ipro
975 4089 1125 4154 ueraciter.
1142 4092 1187 4146 sed
1205 4109 1237 4146 ea
1250 4095 1316 4146 alio·
