3016 4840
550 357 793 408 annosorum.
1143 347 1210 412 ³15

136 528 184 602 eis
202 523 370 616 disclusa,
390 525 528 598 naturis
547 523 703 619 diversa,
729 539 888 600 ceterum
907 539 1076 626 potestate
1097 529 1210 628 paria,

137 661 278 722 aeterna
296 633 404 747 atque
419 643 552 722 divina.
598 645 725 722 Postea
742 671 869 720 rursus
886 672 951 721 suo
967 662 1126 748 tempore
1143 675 1210 724 ve-

137 769 227 842 nisse
238 765 454 860 Amicitiam,
465 791 630 867 eamque,
640 767 783 866 repulsd
794 767 1011 866 pedetentim
1019 769 1210 864 Discordia,

137 889 287 964 discreta
306 888 482 962 elementa
502 889 597 962 inter
617 913 655 962 se
673 887 869 981 miscuisse,
891 913 938 963 ex
952 889 1212 992 immortalibus

138 1009 297 1084 mortalia
311 1009 451 1102 fecisse,
467 1013 671 1110 mutuaque
689 1034 819 1085 eorum
835 1010 1008 1110 temperie
1024 1010 1123 1085 hunc
1137 1014 1212 1086 fin·

138 1130 226 1204 risse
247 1128 433 1203 mundum
453 1155 475 1204 e
497 1129 648 1206 dirersis
667 1129 861 1206 conflatum
887 1131 1095 1232 generibus,
1116 1159 1211 1234 quae

138 1249 351 1326 reluctantia
369 1251 463 1325 inter
478 1277 517 1326 se
529 1253 712 1328 Amicitiae
724 1251 869 1328 vinculo
883 1255 1087 1355 constringi.
1120 1255 1212 1330 Por-

139 1399 177 1446 ro
198 1370 294 1444 hanc
317 1397 392 1447 esse
412 1387 564 1447 naturae
586 1373 700 1474 legem
721 1373 893 1448 divinitus
908 1376 1151 1470 constitutam,
1167 1391 1212 1450 ut

136 1494 298 1567 Amicitia
321 1508 358 1568 et
381 1493 558 1569 Discordia
580 1496 724 1570 alternis
745 1498 783 1568 in
806 1495 943 1570 mundo
961 1511 1134 1596 regnent,
1157 1501 1211 1574 al-

136 1630 207 1689 tera
238 1631 370 1691 cuncta
399 1617 436 1689 in
467 1641 584 1690 unum
613 1617 819 1710 concilians,
853 1617 962 1690 altera
992 1616 1032 1690 in
1058 1618 1212 1696 diversas

134 1751 251 1836 partes
279 1736 460 1812 dirimens.
511 1737 703 1812 Contrariis
729 1738 784 1813 his
806 1736 961 1812 motibus
981 1763 1123 1814 omnem
1150 1767 1211 1816 re-

74 1935 77 1950 ,
135 1885 216 1933 rum
237 1857 519 1936 vicissitudinem
538 1860 627 1958 pari.

181 1982 280 2055 Haec
302 1995 355 2056 cst
375 2006 516 2054 summa
538 1979 793 2080 Empedocleae
813 1981 994 2056 doctrinae
1017 1981 1064 2055 de
1084 1982 1212 2057 mundi

134 2101 284 2194 lahricd,
307 2101 345 2174 in
368 2127 441 2202 qua
462 2101 579 2174 statim
601 2099 920 2178 animadvertimus
940 2101 1076 2202 aliquos
1096 2103 1212 2180 veluti

134 2221 266 2323 gradus
308 2223 522 2322 praestantia
566 2221 736 2298 diversos.
795 2223 915 2296 Primo
953 2221 1028 2296 loeo
1064 2227 1212 2323 ponitur

134 2369 320 2418 summum
350 2341 458 2437 illud,
490 2358 617 2420 cuncta
649 2346 725 2416 und
753 2343 981 2442 mmplexum
1008 2341 1210 2438 harmonia,

135 2468 198 2539 hoc
232 2480 290 2540 est
323 2489 478 2566 regnum
510 2465 712 2559 Amicitiae,
750 2467 913 2565 sequitur
950 2463 1210 2540 clementorum

133 2587 336 2682 dissidium,
355 2615 429 2689 quo
450 2586 663 2663 universitas
682 2611 704 2659 e
723 2585 878 2685 perfecta
902 2583 962 2658 illa
983 2585 1212 2662 consensione

133 2707 171 2782 in
192 2709 351 2789 diversas
370 2709 576 2784 distrahitur
598 2721 729 2816 partes,
747 2729 841 2807 quae
859 2718 947 2779 sunt
962 2705 1065 2806 quasi
1078 2705 1211 2780 funda·

64 2899 68 2908 .
133 2845 254 2906 menta
287 2857 410 2908 rerum
443 2846 615 2921 naturae,
647 2829 713 2902 hoc
741 2843 793 2904 est
819 2825 1018 2900 Discordiae
1038 2851 1211 2927 regnum3

132 2969 320 3050 postremo,
339 2953 529 3054 generibus
543 2952 610 3026 illis
627 2951 764 3026 diversa
780 2947 902 3022 indole
916 2947 1011 3022 inter
1025 2973 1063 3022 ss
1076 2949 1211 3042 mixtis,

132 3075 245 3150 oritur
261 3075 438 3169 mundus,
454 3073 578 3150 fluxus
592 3072 651 3148 ille
668 3097 792 3146 rerum
809 3069 912 3163 ordo,
929 3069 1211 3170 repugnantium

132 3198 313 3272 seminum
340 3198 561 3271 concretione
583 3191 765 3270 conflatus.
813 3193 909 3269 Haec
933 3194 1121 3288 universe,
1138 3192 1211 3292 jam

132 3315 273 3418 singula
296 3317 503 3419 diligentius
526 3315 791 3396 consideranda.
