3016 4840
545 365 584 414 nt
605 367 853 418 mancum.
1173 353 1237 420 207

167 551 199 616 p.
220 527 261 592 87
282 527 330 590 ed.
351 527 482 612 Lennep.
506 530 614 614 corrigi
630 531 731 616 jussit:
749 535 826 602 Ἱππ.
846 535 915 615 ders
932 537 1028 616 Myro
1043 533 1238 615 ’Punicum

168 643 356 718 a'rnhmtm
384 647 477 703 niver
496 643 577 718 κοῦρε
596 634 655 683 -”
674 636 766 722 idque
785 639 898 721 recepit
919 639 1047 700 Sturu'us
1057 663 1067 719 ς
1094 639 1146 702 sed
1165 661 1240 702 con·

165 743 282 825 jactura
301 740 377 802 haec
397 751 456 818 est,
484 742 507 802 si
527 762 589 802 non
610 739 833 823 improbabilis,
854 753 956 803 tamm
976 764 1096 826 prorsus
1115 744 1239 808 incerta.

98 831 101 838 ⁴
166 845 268 928 lleque
288 845 382 928 magis
404 853 535 921 certum,
561 865 577 906 e
598 865 659 929 quo
680 847 815 928 poimate
835 845 885 920 hio
904 847 1065 908 versiculus
1086 847 1241 910 desumtus

167 949 214 1011 sit.
258 949 306 1011 Ad
326 947 451 1033 Physica
472 949 573 1010 retulit
593 949 723 1010 Sturzius
734 973 743 1026 3
763 947 838 1011 haec
857 971 927 1012 vero
947 953 1159 1014 Pausaniae
1186 952 1241 1015 de-

166 1052 265 1114 dicata
293 1053 381 1114 faisse
404 1075 420 1114 e
440 1053 572 1136 Diogene
594 1053 734 1114 discimus
757 1053 808 1138 (cl.
830 1077 871 1116 rs.
893 1054 961 1137 54);
990 1066 1021 1116 at
1041 1057 1140 1138 potuit
1159 1056 1241 1119 idem

166 1177 289 1220 carmen
309 1157 349 1218 ad
368 1156 471 1220 ambos
490 1157 557 1219 illos
577 1158 723 1241 scriptum
735 1179 812 1236 esse,
832 1169 867 1220 ut
879 1170 967 1243 putat
982 1161 1126 1240 stamius,
1140 1161 1241 1244 potuit

165 1283 256 1339 sane,
277 1273 408 1324 attamen
427 1261 460 1322 id
478 1281 585 1346 parum
605 1261 760 1344 probabile
773 1274 836 1324 tam
849 1263 889 1324 ob
902 1265 1008 1324 ba'e'rtii
1021 1265 1223 1326 testimonium
1229 1311 1240 1342 ,

164 1387 257 1452 quam
274 1367 345 1450 quia
357 1365 552 1446 Empedocles
572 1366 606 1426 in
619 1365 753 1448 Physicis
773 1383 896 1449 semper·
908 1365 947 1427 ad
967 1387 1061 1430 unam
1081 1389 1240 1452 personam

164 1469 310 1554 loquitur.
345 1466 548 1548 Probabilius,
568 1469 749 1530 versiculum
769 1467 853 1530 hunc
873 1492 911 1532 ex
932 1471 1143 1554 epigrammate
1162 1495 1241 1556 quo-

165 1573 237 1635 dam
251 1571 379 1656 petitum
394 1593 464 1632 esse.
485 1573 640 1634 Caeterum
653 1573 764 1633 mirum
777 1595 867 1650 sane,
882 1574 905 1634 si
919 1574 1113 1657 Empedocles
1125 1576 1158 1636 in
1172 1597 1240 1638 ear-

164 1679 247 1740 mine
261 1677 422 1759 'l'elangem
438 1685 474 1736 ut
493 1677 669 1759 magistrum
690 1697 778 1737 suum
798 1675 872 1760 (hoc
885 1679 974 1758 ,enim
992 1678 1143 1762 significat
1156 1689 1240 1756 eain.

164 1779 289 1868 ricavo)
312 1777 564 1852 tamhonorifioe
588 1779 829 1863 compellaverit,
860 1781 1040 1866 antiquiores
1064 1785 1239 1868 scriptores,

165 1887 423 1963 Alcidamantem,
461 1881 665 1960 Aristotelem,
702 1881 956 1967 Theophrastum,
1000 1887 1169 1969 Timaeum,
1206 1891 1240 1954 in

164 1991 247 2052 illius
268 1987 439 2050 doctoribus
457 1999 489 2049 et
507 1985 703 2048 familiaribus
725 1988 940 2067 memorandis,
963 1989 1082 2051 nullam
1102 1994 1239 2078 'l'elaugis

163 2095 353 2158 mentionem
381 2091 498 2171 iecisse,
534 2091 585 2152 sed
615 2092 735 2152 seriores
765 2103 886 2154 tantum
911 2094 964 2178 (cl.
988 2117 1078 2180 supra
1100 2117 1132 2182 p.
1157 2098 1237 2182 52.)=

163 2200 307 2284 quocirca
334 2196 409 2258 mihi
438 2195 490 2258 hic
518 2195 680 2258 versiculus
707 2195 846 2278 paullum
873 2209 1025 2280 suspectus
1054 2211 1115 2278 est,
1143 2223 1239 2286 eoque

163 2303 278 2387 magis,
299 2299 382 2384 quod
401 2299 537 2385 ejusdem
555 2299 689 2382 Pelasgis
709 2298 859 2361 serebatur
878 2295 1036 2385 quondam
1056 2305 1181 2387 epistola
1200 2305 1238 2368 de

163 2403 346 2490 Empedocle
365 2403 490 2486 scripta,
512 2401 668 2465 manifesto
690 2403 861 2486 supposita,
882 2414 917 2464 ut
930 2405 1046 2466 ostendi
1059 2428 1149 2490 supra
1161 2430 1192 2492 p.
1207 2409 1237 2471 ll.

165 2513 322 2576 Caeterum
349 2507 386 2570 de
413 2507 540 2590 Telauge
568 2517 598 2568 et
618 2505 739 2568 Theano
759 2505 820 2568 rid.
842 2507 975 2570 llolsten.
997 2519 1026 2572 et
1045 2511 1182 2575 liittersh.
1203 2514 1238 2575 in

164 2615 313 2700 Porphyr.
326 2615 385 2675 vic
401 2611 489 2698 Pyth.
507 2634 532 2674 r.
552 2610 609 2690 195
630 2613 743 2696 llenag.
759 2612 794 2674 in
814 2612 908 2676 La'e‘rt.
922 2615 1010 2692 Vlll,
1032 2613 1086 2694 4³5
1112 2617 1236 2680 Bentlei.

163 2721 204 2785 de
223 2730 281 2783 aet.
302 2717 391 2803 Pyth.
410 2717 432 2780 l.
453 2717 475 2778 l.

205 2933 268 2994 Vst-
289 2931 438 2995 240-245.
478 2939 530 3000 Ἦν
548 2937 583 3000 u
600 2959 647 3009 rte
665 2936 696 3000 ir
715 2939 838 3002 nivosus
859 2939 925 3016 ἀνὴρ
942 2939 1027 3012 κτλ.)
1065 2937 1161 3021 Equo
1173 2957 1238 2998 car·

164 3037 248 3098 mine
267 3037 396 3119 petitum
411 3037 453 3118 vsit
471 3035 532 3099 hoc
552 3037 705 3120 elogium,
726 3039 896 3117 incertum3
921 3059 979 3101 nec
1000 3042 1142 3104 convenit
1161 3041 1237 3104 adeo

164 3141 243 3202 inter
263 3161 383 3217 omnes,
404 3139 442 3201 ad
462 3162 553 3226 quem
573 3151 695 3224 spectet.
736 3142 864 3219 Quidam
879 3148 991 3221 (ruste),
1008 3155 1081 3206 teste
1094 3147 1235 3230 Diogene,

164 3247 199 3306 in
228 3244 504 3308 Parmenidem
524 3247 669 3329 scriptum
690 3247 914 3309 contenderunt
921 3271 930 3326 3
954 3249 1088 3312 Timaeus
1107 3272 1177 3312 vero
1198 3249 1238 3312 ad

164 3349 443 3434 Pythagoram
472 3349 580 3430 refert,
611 3349 744 3414 similiter
769 3351 953 3436 Porphyrius
975 3363 1005 3414 et
1029 3353 1236 3432 lamblichus,

165 3455 218 3539 qui
254 3477 325 3517 saue
357 3455 426 3538 plus
461 3453 534 3517 fidei
560 3465 712 3516 merentur
741 3477 834 3540 quam
860 3457 956 3540 ignoti
986 3457 1110 3542 quidam
1139 3470 1235 3521 testes.

165 3559 321 3622 Caeterum
350 3559 649 3622 animadvertendum
660 3603 670 3636 ,
702 3559 915 3642 Empedoclem
935 3561 972 3625 de
994 3561 1164 3646 Pythagora
1184 3563 1236 3626 hio

164 3663 249 3747 loqui
276 3675 422 3749 tauquam
442 3664 560 3725 dudum
580 3674 717 3725 mortuos
742 3665 884 3748 quocirca
904 3687 943 3729 ex
962 3663 1008 3728 his
1027 3667 1158 3728 remiba,
1178 3669 1237 3729 mi.
1282 3745 1286 3758 ι

165 3769 247 3830 nime
277 3768 356 3832 affici
387 3778 501 3854 potest,
531 3789 568 3830 eo
594 3767 684 3830 illum
709 3769 851 3852 magistro
879 3791 967 3833 usum
987 3792 1067 3834 esses
1096 3771 1135 3833 cf.
1157 3793 1235 3855 quae

165 3900 256 3963 snpra
287 3883 350 3946 dixi
379 3905 411 3968 p.
440 3884 480 3948 li)
508 3906 551 3970 sq·
592 3883 746 3946 Caeterum
765 3883 950 3968 Porphyrius
980 3893 1010 3946 et
1028 3883 1235 3968 lamblichus,

166 4007 286 4050 sensum
326 3987 449 4052 illorum
488 4009 629 4052 versuum
665 3985 867 4073 explicantes,
906 3987 983 4052 haec
1022 3987 1232 4074 subjungunt:

1501 4081 1503 4136 l

1500 4191 1503 4244 l

1501 4313 1503 4350 1

1501 4423 1503 4460 l
