3016 4840
601 402 842 457 emansorem.
1199 389 1263 452 stt

184 583 263 644 tum
275 623 287 664 ,
332 569 370 642 in
406 571 544 666 σφαῖραν
583 569 807 668 Empedoclis
837 569 1058 644 transtulisse
1093 593 1187 668 quae
1216 567 1263 644 de

182 691 409 794 Pythagorica
437 690 588 764 monade
611 690 806 788 praedicari
831 689 985 764 solerent
1007 689 1056 788 (⁸)

230 935 312 1006 lam
340 933 495 1009 diversas
521 932 625 1008 attuli
650 947 815 1013 veterum
841 933 1083 1031 interpretum
1106 931 1151 1006 de
1176 935 1262 1013 Em·

184 1055 339 1156 pedoolis
363 1055 510 1154 sphaera
535 1055 743 1146 sententias,
770 1051 902 1152 quibus
925 1053 1020 1126 inter
1043 1077 1082 1128 so
1109 1053 1261 1149 collatis,

183 1176 322 1254 facilius
341 1177 411 1276 jam
436 1179 632 1275 poterimus
655 1174 749 1251 illius
766 1191 925 1250 mentem
949 1179 1159 1276 perspicere.
1197 1177 1263 1250 Na·

183 1312 286 1375 turae
328 1299 546 1397 principium
580 1299 703 1373 statuit
737 1297 806 1374 tale
838 1297 935 1404 quod
967 1302 1086 1399 ipsum
1121 1323 1185 1396 per
1224 1324 1263 1371 se

180 1437 295 1514 esset,
331 1434 460 1494 cuncta
484 1419 734 1519 complexum,
769 1447 835 1498 sua
859 1425 896 1500 vi
919 1435 1129 1496 contentum
1154 1433 1263 1519 atque

186 1543 403 1641 perfectum3
429 1543 533 1617 finxit
557 1542 650 1618 illud.
671 1567 790 1622 unum
815 1557 852 1616 et
874 1543 1045 1642 simplex,
1071 1568 1185 1642 equo
1205 1555 1264 1614 ta·

185 1689 270 1744 men
290 1664 452 1741 diversae
475 1678 626 1749 naturae
643 1664 735 1738 vires
751 1678 787 1738 et
802 1664 939 1745 diversa
956 1665 1144 1758 elementa,
1158 1664 1264 1740 variis

188 1785 314 1868 induta
340 1787 480 1879 formis,
504 1785 671 1883 deinceps
695 1787 918 1870 exstitissent.
956 1789 1051 1886 Ergo
1067 1799 1143 1860 arat
1163 1785 1266 1884 quasi

184 1909 399 1992 universitas
431 1891 630 2006 quasdam,
665 1919 737 1981 tam
772 1920 921 1992 naturae
946 1909 1130 1983 materiem
1153 1931 1264 2004 quam

183 2029 256 2106 vim
291 2028 449 2107 divinam
478 2053 553 2102 uno
582 2028 791 2125 complexu,
816 2031 893 2106 und
918 2031 1147 2106 consensione
1171 2050 1264 2100 oon-

182 2151 303 2227 striota
324 2163 469 2243 tenene3
491 2175 586 2248 quae
602 2150 749 2249 quidem
772 2149 890 2249 globi
909 2147 1024 2222 forms
1041 2149 1175 2246 optime
1190 2146 1265 2244 sig-

188 2273 354 2351 nificatur
379 2281 438 2350 ⁵².
489 2273 563 2346 Hoc
590 2275 807 2372 principium
836 2285 1017 2372 quantum
1045 2269 1091 2344 ab
1118 2271 1265 2342 Anaxa-

182 2401 288 2494 goreo
323 2394 446 2488 distet,
476 2395 706 2474 manifestum
732 2409 794 2471 est.
849 2395 1076 2490 Anaxagorae
1100 2391 1263 2464 homoeo-

183 2518 314 2597 neriae
353 2519 427 2593 sive
469 2515 584 2605 πάντα
616 2519 697 2612 ὁμοῦ
724 2530 827 2592 erant
861 2515 991 2596 discors
1022 2527 1059 2588 et
1092 2511 1262 2610 indigesta

183 2639 291 2717 moles
314 2665 439 2720 mosne
457 2655 578 2714 mente
603 2637 734 2731 divinit,
755 2663 903 2738 quomo
923 2635 1069 2712 materie
1094 2646 1262 2708 secretam

183 2762 269 2839 huie
295 2777 478 2864 tamquam
510 2761 762 2838 fabricatorem
800 2759 1017 2858 praeposuit
1042 2753 1264 2859 Empedoclis

184 2911 269 2960 voro
288 2889 428 2982 ctpsipoe
446 2897 498 2959 est
519 2909 662 2959 concors
679 2897 808 2957 natura
827 2896 863 2955 et
882 2879 1054 2979 perfetta,
1074 2877 1264 2954 amicitiam
1362 2927 1364 2932 ν

183 3007 415 3108 divinamque
443 3007 514 3082 rim
535 3008 573 3078 in
596 3031 633 3078 se
655 3006 856 3079 continens.
890 3003 1021 3076 Forma
1042 3015 1164 3076 autem
1182 3025 1266 3092 oon·

184 3131 281 3228 grnit
298 3127 404 3226 plane
420 3155 506 3202 cum
521 3128 759 3202 Eleatioorum
777 3123 962 3222 principio,
977 3125 1043 3223 qui
1058 3147 1263 3221 supremam

182 3249 349 3326 omnium
374 3263 541 3324 naturam
564 3251 650 3322 item
668 3246 876 3344 sphaerae
894 3243 1046 3320 similem
1063 3246 1264 3319 linxerunt:

258 3369 416 3448 ecreto
441 3374 598 3446 εὐκύκλου
624 3372 766 3467 σφαίρης
789 3365 974 3466 ἐναλίγκιον
993 3368 1086 3467 ὄγκῳ
1100 3373 1155 3442 ⁵².
1262 3413 1265 3428 ·

217 3569 256 3634 (ἢ
288 3567 366 3620 llaud
380 3567 471 3636 majori
488 3569 545 3634 jure
561 3565 676 3616 Sturzius
691 3581 715 3632 p.
735 3563 774 3626 75,
790 3567 821 3614 τὸ
831 3562 860 3614 ἓν
874 3561 908 3613 ab
917 3559 1072 3630 Empedocle
1085 3559 1264 3628 Apollinem

185 3657 282 3710 dictum
299 3665 388 3726 potat,
407 3659 467 3727 quin
485 3655 606 3710 videlieet
622 3654 776 3722 Pythagorei
795 3653 931 3704 monadem
948 3652 985 3702 ito
997 3649 1127 3720 appellare
1142 3648 1260 3702 solerent.

185 3747 270 3804 linum
287 3748 449 3817 Empedoclis
467 3757 494 3828 et
512 3747 732 3814 Pythagoreorum
749 3760 838 3796 monas
854 3741 925 3796 baud
942 3739 1032 3792 similia
1049 3748 1126 3804 sont,
1141 3747 1262 3808 utsupra

185 3839 326 3891 Aristotelis
338 3839 423 3890 verbis
435 3837 545 3900 ostendi,
559 3853 584 3905 p.
593 3837 648 3898 3¹7·

218 3926 275 3996 (51)
291 3927 449 3996 Philoponus
465 3928 491 3978 in
507 3924 582 3993 Phys.
598 3930 624 3986 l,
641 3926 678 3977 lit.
698 3928 726 3988 Α,
740 3925 756 3977 f.
769 3923 784 3976 5
796 3929 831 3986 A:
854 3925 1130 3996 consputationes
1142 3927 1175 3975 τὸ
1197 3928 1263 3996 πρὸς

188 4019 286 4073 ἑαυτὸν
304 4021 496 4089 ἐπεστράφθαι
516 4021 562 4088 sul
581 4019 648 4087 πρὸς
665 4018 703 4086 τῷ
724 4015 763 4069 in
778 4011 859 4088 alvus.
892 4016 1091 4084 Clinfro513.

219 4114 275 4180 (iu)
292 4115 348 4168 vid.
362 4114 507 4168 Parmenid.
524 4127 561 4165 ts.
574 4129 625 4164 roa.
