2952 4836
553 409 794 462 snrmsornu.
1143 386 1206 452 tut

180 573 402 673 »Dispergit
421 587 639 675 reuocatque
653 577 799 665 Deum,
816 599 1015 672 rursusque
1034 571 1188 666 receptis

178 693 334 768 »Nectit
354 697 530 768 amicitiis
550 697 735 797 quidquid
752 695 938 769 discordia
961 691 1120 767 sciuit:”

129 829 173 888 nt
189 815 236 890 de
249 843 290 890 eo
309 820 402 890 canit
412 817 630 892 Claudianus
646 827 685 866 ³¹
697 831 727 890 ².
766 819 821 892 Sic
834 817 973 920 physica
988 813 1228 912 Empedoclis

128 938 289 1011 doctrina
327 965 410 1012 cum
442 938 613 1038 theologia
641 941 832 1013 arctissime
855 939 1037 1028 cohaeret3
1066 951 1137 1028 est,
1165 951 1209 1010 ut

128 1059 175 1131 ita
201 1058 338 1152 dicam,
363 1074 513 1136 naturae
534 1059 732 1154 truttam,
755 1087 896 1136 summo
917 1059 998 1158 jure
1024 1055 1207 1156 pontheis-

127 1206 212 1254 mus
240 1181 482 1280 appellandus.
534 1183 628 1257 Talis
659 1198 781 1258 autem
812 1179 987 1256 sentiendi
1015 1181 1103 1252 ratio
1133 1191 1207 1251 tam

126 1301 350 1402 temporibus
382 1303 515 1403 quibus
540 1305 630 1382 vixit
653 1302 904 1402 Empedocles,
930 1327 1042 1404 quam
1065 1299 1208 1399 ingenio

126 1423 243 1526 ipsius
260 1441 295 1500 et
316 1427 473 1500 moribus
488 1442 721 1502 consentanee
740 1441 826 1500 erat.
877 1425 1023 1523 Quippe
1043 1443 1208 1497 evanue-

127 1563 209 1622 rant
238 1547 304 1638 dii,
331 1547 574 1625 obsoleverant
597 1547 760 1641 fabulae,
788 1553 950 1621 emortua
974 1557 1049 1618 erat
1071 1541 1208 1640 religio,

124 1701 143 1745 a
168 1671 298 1769 priscis
324 1671 492 1744 Graeciae
520 1669 659 1748 vatibus
682 1683 901 1762 consecrata3
928 1670 976 1742 ita
1001 1668 1136 1745 iactum
1165 1675 1209 1735 ut

124 1791 338 1867 eruditiores
362 1807 426 1867 aut
449 1791 615 1870 divinum
633 1817 771 1868 numen
794 1791 899 1891 plane
919 1787 1105 1880 tollerent,
1130 1797 1208 1878 aut,

124 1917 152 1988 si
188 1916 257 2015 qui
291 1928 408 1989 essent
436 1916 568 1988 acriore
600 1912 779 2012 religionis
806 1938 935 2004 sensu,
958 1910 995 1983 hi
1017 1920 1210 1984 converte-

125 2053 208 2114 rent
235 2063 273 2112 se
295 2035 339 2110 ad
361 2050 512 2112 naturae
536 2037 627 2110 vires
650 2037 689 2108 in
714 2059 846 2134 easque
863 2032 1099 2109 transferrent
1118 2027 1209 2100 divi-

125 2187 190 2234 nos
224 2161 377 2232 honores
412 2171 450 2232 et
486 2181 663 2248 munera,
684 2155 865 2229 fabulosae
887 2147 1109 2252 antiquitatis
1136 2147 1209 2220 Diis

126 2297 272 2382 negata,
308 2304 469 2383 quorum
501 2277 552 2352 nil
582 2277 653 2350 nisi
677 2278 821 2350 nomina
845 2288 881 2350 et
902 2270 1047 2348 umbras
1069 2265 1208 2341 retine·

126 2402 225 2478 bant.
278 2403 347 2477 Sed
370 2403 409 2476 in
436 2401 534 2474 viam
560 2399 757 2474 redeamus.

157 2601 235 2662 (uari)
254 2595 387 2647 claudian.
410 2594 442 2646 de
463 2596 537 2646 Cous.
560 2589 753 2644 statuissent.
773 2605 810 2642 vt.
831 2604 860 2652 7a
883 2605 937 2656 sqq.
