2952 4836
560 353 798 406 rnnoananra.
1153 342 1217 404 385

141 521 276 613 aiones,
310 523 348 592 in
380 518 515 620 quibus
548 519 652 594 modo
688 519 863 610 calidum,
899 516 1002 594 modo
1037 519 1222 621 frigidum,

142 639 248 714 modo
282 641 435 732 siccum,
472 638 575 714 modo
607 637 800 714 humidum
832 637 1078 717 dominentur:
1122 639 1222 716 hunc

142 759 286 836 fluxum
310 787 432 836 rerum
456 787 497 834 ac
519 759 797 837 vicissitudinem
814 773 991 860 spectans,
1007 762 1132 836 statuit
1146 761 1223 836 ele·

145 896 268 956 menta
286 883 433 956 mutatis
450 880 588 958 vicibus
606 905 672 956 suo
692 879 864 980 quodque
884 893 1044 977 tempore
1061 907 1221 981 regnare.

636 1175 735 1257 §rc

342 1437 604 1535 Cosmogoniae
628 1435 899 1532 Empedocleae
923 1440 1028 1510 ratio.

192 1607 373 1682 Hactenus
404 1605 595 1704 praecipua
619 1604 875 1706 Empedocleae
904 1606 1146 1707 cosmogonise
1167 1635 1224 1684 ca·

141 1729 218 1827 pita
242 1723 502 1824 explicuimus,
523 1722 657 1824 quibus
678 1726 825 1826 singulis
843 1727 1041 1818 illustratis,
1064 1729 1136 1829 jam
1152 1745 1224 1806 tota
1292 1709 1295 1718 Ι

142 1847 222 1948 ejus
256 1848 344 1920 ratio
375 1845 520 1937 clarius,
553 1847 694 1944 opinor,
728 1861 894 1945 patescet.
946 1851 1074 1950 Itaque
1101 1853 1224 1952 paucis

142 1995 225 2044 cam
240 1965 597 2068 comprehendamus.
630 1967 833 2066 »Principio
849 1969 978 2044 mnndi
993 1974 1088 2046 canit
1105 1975 1226 2048 omnia

143 2091 255 2164 fauce
277 2113 419 2162 unum
443 2086 628 2160 harmonia
653 2088 834 2181 vinctum,
858 2089 968 2188 idque
994 2093 1129 2188 Deum,
1150 2119 1225 2194 qno

142 2235 312 2286 concusso
336 2222 372 2282 et
396 2206 579 2299 distracto,
602 2207 772 2280 exstitisse
799 2223 997 2307 quatuor
1023 2211 1226 2288 elemen-
1302 2237 1304 2244 ⁴

142 2347 208 2423 ta,
231 2357 303 2406 non
327 2327 510 2420 nata,'sed
534 2341 678 2402 aeterna
710 2326 908 2428 eademque
922 2331 1031 2424 Deos3
1053 2335 1226 2412 exstitisse

143 2453 233 2526 item
264 2449 514 2524 Amicitiam
549 2461 586 2520 et
620 2447 907 2541 Discordiam,
940 2449 1077 2528 divinas
1101 2479 1227 2528 rerum

143 2571 417 2663 moderatrices,
451 2567 596 2642 alteram
621 2567 868 2642 conciliantem
892 2585 1044 2665 cuncta,
1078 2572 1226 2650 alteram

143 2691 411 2768 distrahentem.
463 2691 572 2763 Porro
597 2703 736 2782 autem,
758 2688 943 2765 elementis
963 2694 1059 2768 inter
1078 2721 1116 2770 se
1134 2698 1229 2772 mix·

143 2817 206 2907 tis,
235 2813 406 2888 exstitisse
434 2809 650 2884 mundum
678 2824 823 2884 naturas
846 2837 970 2887 omnes
991 2827 1065 2888 tam
1086 2815 1227 2894 divinas

144 2961 258 3036 quam
282 2933 458 3008 humanas
484 2930 723 3032 complexum,
755 2946 835 3006 tum
861 2933 990 3010 mundi
1010 2937 1228 3024 vicissitudi-

146 3081 225 3149 nes,
248 3053 351 3127 modo
372 3053 512 3130 diversa
539 3054 578 3126 in
601 3079 720 3129 unum
748 3067 895 3154 cogente
919 3056 1098 3150 Amicitia,
1122 3059 1227 3135 modo

145 3175 364 3250 distrahente
387 3175 584 3271 Discordia3
603 3201 757 3275 eamque
780 3177 1016 3250 mutationem
1037 3181 1229 3279 sempiter-

147 3323 233 3372 nam
261 3321 356 3390 esse,
390 3297 525 3398 quippe
556 3323 673 3398 quum
703 3310 853 3372 naturae
880 3298 1054 3399 principia
1084 3315 1229 3376 aeterna

148 3420 232 3494 sint.
283 3420 409 3519 Itaque
443 3443 567 3492 rerum
600 3420 736 3492 formae
764 3421 965 3514 varientur,
990 3421 1119 3496 mundi
1143 3423 1228 3496 ordo

149 3540 388 3639 sempiternus
412 3552 547 3614 constat
562 3539 663 3612 ²⁰².''
712 3541 756 3613 In
785 3540 850 3614 hac
873 3541 1107 3643 descriptione
1129 3543 1229 3618 vide·

150 3685 233 3734 mus
258 3685 389 3762 rerum
420 3659 551 3734 formas
580 3661 687 3734 aliam
711 3687 756 3736 ex
782 3662 848 3736 alia
871 3665 1037 3763 deinceps
1061 3678 1179 3758 naus,
1205 3689 1227 3738 e

148 3779 298 3880 sphaera
322 3781 517 3868 elementa,
551 3807 597 3858 cx
624 3783 809 3858 elementis
833 3784 1014 3858 mundum
1040 3785 1227 3884 variasque

182 4031 258 4098 (coa)
277 4032 336 4084 vtd.
357 4033 461 4103 Empcd.
482 4051 528 4086 ru·
549 4033 596 4095 tt.
613 3975 662 4098 Ι45.
796 4081 801 4090 ,

199 4121 262 4194 ΠΙ.
1062 4129 1105 4202 25
