2958 4822
485 388 571 438 vrrs
594 391 641 438 nr
662 392 807 440 eronus.
1153 389 1195 450 75

122 560 215 660 ejus,
247 557 308 632 hic
343 557 454 634 vitam
477 570 515 632 et
537 557 629 632 facta
654 557 855 657 exposuime
878 560 1034 638 videtur.
1085 564 1194 640 ller-

121 679 346 756 marchus
380 679 600 779 Epicureus,
642 677 709 779 qni
742 693 863 754 contra
894 684 1075 784 principes
1105 685 1193 786 phi·
1280 723 1283 732 ·

120 800 295 900 losophos,
343 798 600 900 Pythagoram,
646 798 854 893 Platonem,
894 803 1193 909 Aristotelemqnc

120 921 275 1023 scripsit,
310 919 420 998 edidit
450 921 557 996 etiam
592 919 794 998 &mearat
825 926 898 1024 περὶ
918 914 1194 1023 ’Έμπεδωυῖέους

118 1043 170 1141 ιβ’
178 1099 191 1139 ,
227 1057 319 1120 teste
349 1043 490 1118 laertio
505 1052 585 1121 333.
637 1045 906 1122 Grammaticos.
920 1075 1069 1152 quoquc
1096 1051 1193 1130 illius

117 1167 273 1242 carmina
315 1164 505 1257 lectitasse,
544 1163 703 1240 indicant
743 1165 876 1266 glossae
915 1171 1194 1270 Empedocleae,
1312 1207 1314 1212 ·

117 1315 206 1389 quae
240 1314 263 1362 e
297 1287 517 1364 veteriorum
549 1288 860 1386 grammaticorum
883 1293 1019 1392 scriptis
1042 1293 1193 1389 duduc,

117 1409 194 1486 inde
229 1412 270 1482 in
301 1405 466 1509 Hesycbii
496 1406 721 1509 aliorumque
753 1409 865 1484 lexico
889 1413 1090 1514 migrarunt
1109 1427 1189 1492 333.
1258 1407 1265 1420 '

116 1535 144 1606 E
175 1531 292 1632 positis
326 1541 446 1604 unum
479 1531 590 1605 instar
621 1530 788 1607 omnium
817 1533 1018 1610 nominasse
1041 1535 1192 1614 sufficiat

115 1655 398 1743 Lucretium,
419 1653 629 1728 latinorum
652 1651 917 1752 Empedoclem.
968 1658 1026 1732 Ex
1043 1661 1192 1759 egregiis

115 1775 247 1878 quibus
277 1773 338 1850 ille
372 1771 535 1848 Siculum
568 1787 686 1850 vatem
719 1773 856 1850 extollit
886 1775 1074 1873 laudibus,
1104 1782 1191 1856 item

115 1927 133 1972 e
163 1896 338 1998 singulari
373 1921 447 1997 qno
481 1894 553 1968 fuit
585 1894 773 1968 literarum
807 1895 1025 1974 Graecarum
1051 1900 1193 1994 studio,

116 2019 212 2094 sadle
236 2017 328 2094 effici
350 2031 481 2117 potest,
506 2015 601 2090 illius
624 2017 799 2111 carmina,
826 2017 1035 2116 pracsertim
1058 2019 1105 2094 de
1127 2046 1191 2096 re-

115 2169 194 2216 rum
226 2154 373 2230 natura,
407 2137 453 2212 ab
482 2139 559 2238 ipso
583 2138 671 2214 lecta
697 2165 783 2214 csse.
835 2139 937 2216 Idem
961 2141 1191 2242 probabiliter

114 2262 277 2338 affirmari
312 2275 426 2361 potest
460 2261 506 2335 de
541 2261 812 2353 Plutarcho,
846 2265 934 2337 item
968 2264 1015 2338 de
1052 2264 1190 2340 Sexto

70 2471 76 2486 ι
114 2385 351 2484 Empirico.
407 2385 455 2456 At
488 2383 594 2458 tertio
626 2383 698 2484 jana
732 2398 811 2482 post
837 2383 1023 2458 Christum
1052 2386 1192 2478 seculo,
1228 2403 1233 2412 ’

15 2599 16 2604 ¹
114 2506 348 2607 Empedoclis,
372 2518 415 2578 ut
433 2503 693 2606 plerorumque
712 2506 777 2605 qni
799 2517 883 2578 ante
904 2505 1089 2580 Platonem
1110 2508 1193 2583 luc·

24 2709 31 2732 ⁶
116 2655 149 2704 re
187 2625 500 2729 philosophorum,
536 2628 665 2726 scripta
704 2627 837 2702 rariora
869 2625 979 2702 luisse
1010 2625 1193 2727 probabile

115 2766 164 2826 est
181 2759 264 2822 333.
315 2748 548 2824 Aristotelicas
570 2747 784 2848 interpretes
811 2761 848 2822 et
874 2747 1029 2848 reliquos
1053 2749 1194 2850 pleros-

116 2898 185 2974 que
209 2874 250 2944 in
273 2869 504 2970 explanandis
534 2869 758 2972 Empedoclis
788 2869 923 2968 placitis
949 2895 1023 2946 non
1047 2897 1069 2946 e
1092 2873 1193 2948 fonte

117 2995 174 3070 sed
191 3020 213 3068 e
228 2991 355 3069 rivulis
370 2993 539 3086 hausisse,
555 2991 786 3066 manifestum
802 3005 865 3066 est.
914 2991 1091 3085 Quamvis
1107 3019 1194 3070 vero

118 3127 347 3207 rarescerent,
367 3137 440 3188 non
463 3127 583 3188 tamen
607 3111 714 3210 plane
735 3127 985 3206 evanuerunt3
1008 3113 1087 3206 sed,
1110 3115 1193 3190 licet

117 3239 256 3313 fortasse
279 3263 353 3312 non
376 3239 535 3337 integra,
562 3234 603 3308 in
629 3261 830 3334 paucorum
860 3232 1079 3310 bibliothecis
1105 3251 1193 3310 sunt

117 3375 261 3435 serrata.
310 3359 587 3458 Simplicius,
612 3380 685 3456 qua
711 3357 784 3430 tuit
804 3355 843 3430 in
864 3369 1032 3432 veterum
1053 3357 1193 3458 scriptis

118 3481 321 3582 indagandis
344 3479 525 3579 diligentia
546 3487 628 3572 ²³⁴,
653 3491 697 3552 ut
721 3477 873 3552 aliorum
896 3477 946 3550 sic
969 3479 1193 3578 Empedoclis

147 3649 220 3718 (abt)
236 3651 341 3717 Diogen.
363 3650 390 3702 L
411 3649 452 3714 X,
471 3667 493 3701 s.
514 3646 559 3712 aba
580 3665 640 3700 eum
661 3663 714 3718 quo
737 3645 769 3700 cl.
791 3645 895 3710 Cicero,
915 3644 950 3698 dc
971 3647 1003 3702 N.
1020 3647 1052 3702 Ι).
1069 3650 1097 3712 1,
1117 3648 1157 3700 33.

146 3740 219 3808 (aba)
234 3741 292 3794 Vrd.
316 3741 400 3796 Index
420 3749 567 3795 anctorum.
892 3791 899 3812 ⁸

146 3829 219 3896 (233)
236 3832 363 3887 Eusebius
383 3833 484 3886 caeru.
501 3832 547 3902 qni
565 3831 639 3884 initio
659 3830 739 3884 aecnli
757 3831 846 3902 quarti
864 3830 945 3894 vixit,
962 3831 990 3884 id
1001 3829 1034 3884 de
1045 3847 1092 3882 rua
1104 3837 1190 3884 aetate

117 3920 231 3986 affirmat,
240 3923 334 3994 Ptccp.
345 3925 393 3976 Eu.
404 3923 445 3986 X,
457 3919 481 3974 ³.
492 3938 518 3992 p.
530 3921 579 3986 468
591 3923 628 3980 Aa
639 3925 740 3976 σπάνια
752 3921 785 3976 dl
798 3925 833 3976 τὰ
844 3925 898 3976 τῶν
910 3925 964 3994 πρὸ
979 3925 1029 3976 τοῦ
1042 3921 1190 3982 Πλάτωνος

120 4017 263 4080 γεγονότων
279 4016 392 4082 βιβλία.
634 4067 637 4075 ,

147 4105 216 4175 (ald)
233 4110 269 4162 cs.
291 4125 361 4179 quae
380 4108 469 4160 monui
489 4107 517 4160 in
538 4108 702 4174 Parmenide,
725 4129 752 4180 p.
777 4108 817 4172 ab.
841 4127 868 4161 n.
889 4125 929 4174 po.
