2958 4822
220 530 378 622 Quorum
406 531 563 630 equidem
588 532 705 603 studio
729 531 876 602 multum
900 533 998 602 abest
1021 541 1061 601 ut
1085 533 1282 604 attrectem.

218 650 342 734 Verte
365 662 449 724 sunt
467 655 617 746 judicio
633 680 646 734 ,·
683 656 811 723 cariae
846 653 1080 724 laudisoiac.
1135 652 1209 725 Sed
1231 681 1284 724 me

214 799 318 870 quum
351 780 467 846 nescio
503 776 669 872 quomodo
699 777 860 845 severior
886 771 995 844 Musa
1020 779 1061 844 ia
1087 776 1178 845 lsaac
1203 786 1284 847 stu·

213 899 356 968 diaram
385 900 546 969 semitam
577 900 764 976 traaisset,
797 898 879 966 bene
910 897 1095 977 iutelleui,
1128 897 1220 992 quod
1243 923 1284 966 re

214 1029 383 1115 copertus
409 1045 501 1100 sum,
530 1045 599 1089 noa
622 1019 813 1088 multorum
830 1017 966 1113 plausu
992 1019 1147 1089 laborem
1170 1043 1282 1088 meum

215 1143 476 1234 comprobatum
498 1144 554 1212 iri
561 1168 574 1222 ,·
602 1143 692 1210 satis
717 1139 844 1227 tator,
873 1144 908 1208 si
925 1165 1126 1234 paucorum
1137 1140 1283 1233 judicio

207 1287 348 1354 possem
379 1263 539 1358 placere.
603 1261 759 1356 Quorum
777 1265 819 1331 ia
846 1287 991 1334 nupsero
1019 1289 1119 1360 quem
1140 1273 1282 1358 autepo-

214 1409 296 1454 nam
311 1381 406 1472 Tibi,
432 1383 588 1454 Leaue
593 1388 671 1480 pi,
695 1385 922 1455 literatorum
947 1387 986 1454 im
1003 1389 1137 1480 patria
1159 1395 1284 1456 nostra

214 1505 368 1579 Nestori
383 1513 477 1602 jure
496 1508 765 1604 praedicando,
787 1511 849 1603 qui
867 1532 945 1577 cum
966 1509 1075 1578 senili
1083 1509 1284 1603 prudentia

213 1641 249 1701 et
273 1631 483 1701 maturitate
499 1630 701 1723 juvenilem
730 1625 919 1724 coujungis
945 1632 1106 1723 ciperem
1131 1639 1166 1700 ct
1192 1633 1283 1700 oiri-

215 1755 382 1830 dilatem,
418 1775 518 1846 quem
546 1755 722 1822 intuentes
744 1759 867 1845 spaatc
895 1751 1126 1822 recordemur
1151 1755 1283 1822 veteris
1318 1753 1320 1757 ’

214 1876 309 1944 illud
325 1880 473 1967 poeitae:

471 2001 603 2068 Mace-a
626 1993 695 2090 ‘ylio
720 1996 815 2076 ὅσους
832 1992 901 2070 'ileu
918 1997 1046 2092 ippum
1068 1993 1187 2074 eata

232 2190 235 2198 ,
366 2115 423 2204 Mt,
441 2113 547 2210 λοξῷ,
571 2117 707 2196 πολιοὺς
733 2120 788 2191 οὐκ
813 2115 970 2192 ἀπέθεντο
996 2119 1124 2212 φίλους.

218 2236 270 2306 Tu
307 2241 424 2333 igitur
459 2261 563 2333 quum
595 2263 665 2308 uon
693 2240 799 2310 semel
819 2244 973 2336 privato
999 2241 1168 2336 colloquio
1194 2239 1286 2307 ruiti

213 2359 475 2455 significasses,
518 2359 673 2431 laborem
717 2364 784 2432 tibi
818 2337 931 2432 meum
960 2364 1139 2458 probari,
1180 2361 1284 2456 idque

207 2481 358 2576 publiea
377 2483 523 2553 honoris
553 2481 810 2577 saffragatioue
834 2485 1071 2572 declarasses,
1087 2489 1174 2576 jam
1202 2479 1285 2551 Tibi

214 2607 293 2674 dico
325 2605 417 2672 leuna
445 2628 557 2672 meum
575 2601 898 2696 Empedoclem,
926 2629 1069 2690 munus,
1095 2615 1136 2673 ut
1159 2625 1283 2695 spero,

214 2729 280 2796 tibi
313 2725 412 2796 lsaud
438 2728 645 2819 ingratum,
683 2724 741 2792 ael
758 2733 917 2817 propter
946 2727 1063 2818 ipsius
1087 2725 1228 2817 ingenii
1251 2733 1285 2792 et

214 2848 398 2918 doctrinae
435 2847 551 2916 lumea
587 2846 644 2914 ecl
677 2855 835 2939 propter
876 2847 1168 2916 necessitudinem
1208 2857 1285 2914 cum

215 2970 473 3040 didactioorum
485 2973 678 3061 poetarum
688 2970 872 3061 principe,
888 2965 926 3035 H
934 2968 1081 3038 esiodo
1099 2977 1169 3047 tuo,
1186 2992 1284 3062 quem

215 3095 285 3162 tuis
319 3089 623 3160 lucubrationibus
645 3088 800 3182 politum
826 3099 860 3158 et
883 3089 1110 3160 illustratum
1135 3099 1175 3159 ut
1198 3090 1282 3157 edas

214 3212 427 3309 ale'quaudo,
453 3211 557 3282 ualde
582 3219 753 3305 optamus.
805 3207 936 3305 Accipe
960 3236 1069 3306 crgo,
1087 3211 1285 3306 praeclare

215 3338 298 3423 eir,
325 3335 389 3405 liae
413 3335 527 3406 studii
550 3335 621 3403 mei
642 3334 820 3427 animique
833 3335 993 3426 pignus!
1010 3335 1131 3426 accipe
1150 3341 1283 3412 uotum,

214 3467 253 3526 ut
278 3481 364 3552 quas
390 3457 518 3526 literas
536 3480 610 3550 per
635 3454 879 3556 quadraginta
895 3479 1024 3544 annos,
1046 3458 1086 3524 in
1102 3455 1286 3548 amplissi-

215 3603 291 3648 mae
323 3579 484 3650 ciaitatis
510 3577 605 3657 luce,
641 3578 863 3646 institutione
889 3587 950 3648 tua
974 3588 1009 3650 et
1033 3577 1193 3672 eacmplo
1219 3603 1310 3680 ar-¹
1376 3654 1378 3661 ,

215 3703 313 3770 uasti
328 3710 372 3801 ct
388 3703 634 3795 propagasti,
658 3698 785 3768 iisdem
803 3725 944 3794 porro,
971 3702 1119 3772 docendi
1142 3677 1285 3770 manere

121 3819 123 3826 ’
216 3824 417 3920 deffunctus,
455 3825 668 3894 auctoritate
706 3829 766 3888 tua
803 3833 837 3892 et
875 3826 1022 3896 consilio
1065 3821 1285 3917 adjuvantis

216 3947 279 4030 (tiu
303 3947 354 4018 sis
379 3951 581 4040 superstes!

665 4113 839 4146 -ῆῡ--τ
