2958 4822
212 405 217 414 .
251 350 292 414 26
638 363 694 414 na
714 361 928 414 nuanooours

251 525 400 607 canendi
418 529 565 604 modum
579 527 771 619 inflexisse,
792 541 830 602 et
848 539 996 602 cantum
1015 549 1161 600 exeram
1175 523 1319 600 dutoem

250 666 288 728 et
324 650 548 752 placabilem,
587 649 684 726 illius
724 651 813 724 iram
829 741 831 746 Ι
850 663 1084 748 temperasse3
1118 673 1192 749 quo
1227 645 1322 720 iacto

250 773 424 873 hospitem
452 799 473 846 a
502 795 611 864 nece,
641 769 939 846 adolescentema
960 766 1144 869 parricidio
1163 765 1322 868 probibi-

250 911 333 972 tum
354 919 428 970 ame
445 895 502 969 ⁶⁵.
552 891 774 992 Empedoclis
797 892 925 992 hospiti
946 915 1079 965 nomen
1099 889 1210 964 facisse
1229 889 1321 962 Au-

140 1021 142 1024 ’
252 1015 426 1093 obitum
459 1014 543 1088 dicit
572 1011 808 1104 lamblichus,
840 1011 936 1087 idem
967 1035 1098 1086 nornen
1124 1011 1195 1085 fuit
1227 1009 1321 1110 patri

199 1121 203 1128 ¹
252 1136 469 1228 Pausaniae,
497 1161 608 1236 quem
641 1133 832 1234 praecipue
863 1132 986 1208 dilexit
1013 1130 1243 1232 Empedooles
1260 1133 1320 1206 ⁶⁶.

253 1256 328 1331 Ubi
359 1271 481 1332 autem
512 1281 568 1332 res
600 1255 691 1330 facta
722 1255 787 1350 sit,
819 1281 891 1330 non
914 1252 1110 1353 proditum3
1140 1253 1324 1354 Agrigenti

253 1377 433 1473 crederes3
460 1377 519 1452 sed
547 1375 597 1450 ihi
620 1379 706 1454 civis
729 1390 805 1452 erat
825 1375 1069 1476 Empedocles,
1097 1399 1218 1473 neque
1237 1371 1326 1448 adeo

254 1499 394 1597 hospite
419 1496 612 1598 indigebat.
662 1499 818 1572 Omnino
839 1497 975 1572 facturn
995 1496 1110 1592 istud,
1129 1497 1222 1570 sicut
1243 1521 1325 1570 nar-

256 1632 368 1709 ratur,
386 1621 415 1692 si
437 1643 511 1692 non
532 1617 746 1712 incredibile,
766 1632 887 1693 tamen
909 1617 1007 1693 baud
1028 1617 1219 1714 admodum
1239 1643 1327 1718 pro-

258 1737 374 1813 babile
395 1752 466 1812 est:
493 1765 610 1840 quum
632 1739 767 1814 multae
788 1739 952 1814 ferantur
971 1737 1115 1814 fabulae
1128 1739 1173 1812 de
1191 1739 1329 1842 Pytha·

98 1889 106 1904 .
208 1865 209 1868 ’
257 1887 339 1960 gom
365 1859 514 1961 aliisque
535 1859 622 1934 huic
643 1859 774 1935 similes
790 1863 847 1953 ⁶⁷,
870 1863 932 1936 cui
947 1877 991 1936 ut
1005 1859 1091 1934 fides
1106 1858 1229 1933 baberi
1244 1885 1330 1960 pos·

175 2037 178 2046 .
258 1981 320 2072 sit,
347 1979 591 2079 locupletiores
615 1995 710 2055 certe
733 1995 838 2056 testes
864 1983 1113 2082 requirantur,
1134 2007 1244 2082 quarn
1264 1983 1331 2082 qui

260 2101 327 2177 boo
347 2102 484 2175 factum
501 2101 755 2200 prodiderunt,
775 2100 1011 2198 lamblichus,
1034 2101 1202 2178 Boethius
1219 2115 1255 2176 et
1273 2105 1332 2204 ig·

258 2237 366 2298 notus
382 2220 529 2322 quidam
548 2223 809 2321 grammaticus.
858 2225 979 2327 Atque
1000 2225 1135 2298 etiamsi
1159 2223 1213 2316 hi,
1232 2223 1331 2324 quod

259 2343 361 2418 facile
391 2343 514 2434 oredo,
542 2343 761 2444 antiquiores
788 2341 983 2419 habuerint
1008 2359 1187 2440 auctores,
1211 2361 1331 2420 tumen

188 2468 191 2478 '
259 2467 341 2566 quis
366 2467 523 2564 ignorat,
546 2492 656 2565 quam
684 2463 867 2564 φιλόμυθος
893 2467 1039 2540 Graecia
1060 2467 1230 2541 fueritin
1255 2465 1330 2540 cla-

260 2609 386 2660 rorum
403 2601 529 2662 vatum
550 2599 587 2659 et
606 2589 810 2687 sapientum
830 2585 1025 2666 virtutihus
1046 2587 1334 2681 extollendis,-et

125 2813 126 2818 Ἰ
261 2719 370 2806 quam
399 2705 528 2804 cupide
561 2707 769 2808 Pythagorei
791 2723 866 2782 tam
890 2709 1029 2808 antiqui
1053 2705 1163 2810 quam
1186 2709 1334 2783 seriores

262 2851 355 2899 vana
375 2824 442 2900 hae
459 2824 667 2900 credulitate
689 2827 791 2902 abusi
809 2830 894 2920 sint,
917 2843 961 2902 ut
980 2844 1168 2904 auctorum
1183 2855 1333 2904 suorum

294 2991 351 3061 (65)
376 2992 432 3045 tud.
449 2990 608 3044 lamblichus
625 2991 901 3062 Pytbog.vit.§113;
923 2993 1045 3047 Boethius
1056 2995 1097 3048 ‚dc
1118 2996 1206 3046 musio
1227 3011 1282 3066 cap.
1305 3013 1334 3061 ις

262 3083 394 3136 Sobolitat.
416 3081 535 3148 Hermog.
560 3099 584 3151 p.
603 3081 660 3136 383.
698 3085 808 3153 lloapitis
826 3100 922 3136 nomen
938 3102 1008 3137 unua
1025 3095 1152 3138 memorat
1167 3065 1332 3140 Jambliebui.

263 3173 337 3228 Idem
359 3173 486 3238 eleganter
506 3171 590 3224 leuem
608 3171 681 3224 illum
697 3181 725 3226 et
741 3190 845 3228 suarem
862 3173 953 3226 cantda
968 3173 1074 3228 modom
1089 3177 1232 3228 Homericis
1248 3177 1336 3230 verbis

263 3263 399 3332 significata
417 3265 664 3332 μεθαρμοσάμενος
682 3264 769 3325 εὐθὺς
787 3265 970 3336 dornpodouro
987 3269 1021 3318 τὸ

401 3359 540 3425 νηπενθές
556 3357 581 3410 τ’
601 3357 703 3427 ἄχολόν
719 3379 768 3424 τε,
787 3361 877 3414 κακῶν
893 3360 1030 3428 ἐπίληθον
1045 3358 1189 3421 ἁπάντων,

266 3451 337 3504 κατὰ
348 3451 397 3501 τὸν
407 3455 530 3518 ποιητήν.
547 3450 646 3518 (Odyss.
660 3453 689 3515 d,
703 3453 771 3516 aar.)
783 3467 849 3522 qnae
860 3451 945 3521 lepide
958 3454 1079 3518 honamy,
1090 3468 1118 3519 p.
1128 3447 1169 3510 65,
1181 3456 1209 3501 et
1220 3447 1337 3501 Stenius

265 3557 292 3608 p.
301 3540 335 3594 66
348 3540 385 3592 rio
395 3541 591 3602 intellexerunt,
603 3542 675 3611 quari
690 3539 850 3593 lamblichus
861 3540 1016 3607 significaret
1027 3537 1208 3608 Empedoclem
1219 3537 1337 3591 coum&

266 3627 313 3684 boa
334 3631 441 3684 Homeri
454 3639 548 3684 raama
565 3629 674 3682 larentia
690 3631 755 3682 iram
772 3629 878 3682 sedme.
912 3631 950 3684 Cf.
964 3631 1034 3681 Voss.
1052 3628 1085 3681 de
1101 3643 1166 3681 moa.
1183 3643 1209 3698 p.
1227 3625 1275 3690 45¹,
1291 3627 1338 3691 ω’.

265 3720 382 3774 Euudcm
394 3721 487 3773 cantds
502 3721 607 3774 modom
620 3718 704 3772 Sohol.
716 3721 835 3786 hermog.
848 3720 972 3786 significat
984 3719 1088 3774 diceres
1104 3721 1339 3791 dvapovodwde

266 3833 294 3866 aa
311 3815 551 3881 ιαταστηματικὸν
567 3819 604 3880 τῇ
620 3813 725 3882 κιθάρᾳ
742 3810 829 3875 pilos.

298 3904 356 3971 (66)
371 3903 505 3958 Fabricius
522 3903 600 3956 mum
617 3901 687 3956 hooc
698 3900 834 3955 Anchitum
845 3903 872 3954 io
884 3901 1104 3971 Pythagoreorum
1113 3901 1229 3972 eaubgo
1238 3901 1341 3973 posuit,

267 4011 319 4064 quo
331 3997 405 4062 jura,
417 3994 471 4065 ipse
481 3993 584 4047 viderit.
612 3993 669 4046 tid.
681 3992 744 4046 aiot.
756 3994 799 4046 Gr.
811 3995 840 4046 Τ.
852 3994 881 4052 1.
900 4009 926 4062 p.
935 3991 983 4046 sto
995 3992 1096 4049 Barla.

300 4082 357 4150 (67)
371 4082 556 4150 Exemplorum
573 4083 674 4154 copiam
690 4084 767 4136 affert
782 4084 811 4135 G.
828 4084 862 4136 u.
880 4081 965 4145 node.
981 4080 1060 4156 orph.
1079 4100 1106 4154 p.
1126 4099 1164 4147 ¹7·
1183 4101 1207 4136 o.
1226 4099 1263 4136 aa.
