2958 4822
288 351 329 410 58
680 367 729 414 na
751 369 965 416 macconis

284 532 403 604 omnia
435 533 591 630 exponit.
656 530 899 624 Quamobrem
931 533 960 606 si
992 533 1074 632 quis
1106 533 1366 634 Empedoclem

284 677 371 728 cum
405 652 557 727 Homero
588 677 792 751 comparare
821 652 926 746 velit,
954 653 1057 730 facile
1090 655 1366 732 assentiendum

283 773 462 847 Aristoteli
489 773 640 867 dicenti,
662 772 834 848 ambobus
859 773 949 848 nihil
975 778 1073 851 inter
1098 803 1137 852 se
1159 803 1237 852 esse
1259 803 1365 852 com-

284 919 398 968 mune
428 907 569 994 praeter
600 921 769 971 numeros
784 897 861 968 ¹⁶⁶.
910 897 1079 972 Attamen
1099 925 1175 974 nou
1198 901 1366 974 numeris

283 1029 425 1088 tantum
436 1014 626 1116 verbisque
636 1017 779 1116 poeticis
788 1041 878 1088 usus
888 1015 1099 1110 ostendebat
1110 1044 1206 1109 vero,
1214 1032 1260 1092 ut
1272 1019 1365 1094 vidi-

283 1161 380 1228 mus,
398 1137 572 1212 diviniore
593 1122 723 1210 mentis
744 1138 800 1228 vi,
815 1163 924 1237 quam
940 1152 1091 1212 naturae
1107 1137 1364 1237 contemplatio

280 1271 319 1330 et
332 1256 514 1332 doctrinae
529 1257 691 1332 studium
702 1256 846 1332 alebant
860 1272 898 1330 et
913 1258 1119 1332 incitabant.
1162 1259 1257 1332 Hinc
1278 1260 1364 1359 jure

280 1378 473 1454 abeodem
495 1379 681 1454 Aristotele
703 1381 876 1478 Ὁμηρικὸς
896 1379 1097 1479 appellatur
1114 1383 1201 1474 ¹⁶⁷,
1224 1383 1366 1482 quippe

279 1501 345 1598 qni
373 1525 447 1575 nou
475 1500 591 1575 solum
621 1501 778 1576 studiose
810 1501 1008 1574 Homerum
1033 1501 1193 1576 imitatus
1215 1505 1277 1594 sit,
1299 1501 1365 1577 sed

279 1621 459 1716 eundem,
479 1649 702 1723 quamquam
722 1624 762 1695 in
781 1623 920 1698 diverso
941 1623 1104 1696 carminis
1125 1647 1282 1723 genere,
1305 1650 1364 1698 re-

278 1744 372 1817 ferat
401 1746 535 1844 ingenii
570 1745 754 1836 ubertate,
782 1743 943 1818 dictionis
977 1745 1035 1834 vi,
1065 1744 1364 1843 metaphorarum

277 1867 438 1960 iumine,
479 1881 560 1940 tum
599 1863 925 1965 comparationibus
966 1879 1002 1937 et
1043 1863 1365 1964 descriptionibus,

276 1989 413 2090 quibus
443 1988 636 2062 sententias
663 2001 700 2060 et
729 1985 855 2086 placita
883 2011 948 2060 sua
974 1984 1138 2058 illustrat.
1190 1987 1364 2080 Quarum

276 2111 427 2211 quidem
450 2110 575 2184 dotum
598 2107 677 2209 ejus
698 2133 872 2183 versuum
892 2106 1065 2206 reliquiae
1088 2105 1278 2182 luculenta
1299 2133 1365 2182 os·

277 2231 435 2306 tendunt
456 2231 620 2330 vestigia,
639 2255 734 2329 quae
757 2241 932 2326 arguunt,
956 2227 1059 2300 illum
1082 2251 1207 2302 revera
1230 2253 1364 2329 egre·

276 2352 403 2450 gium
434 2357 586 2450 poe'ma
622 2349 762 2440 fecisse,
790 2362 833 2420 ut
855 2347 978 2421 Cicero
1000 2347 1105 2440 dicit,
1138 2362 1175 2422 et
1203 2346 1287 2447 jure
1318 2349 1364 2424 de

274 2497 318 2548 co
344 2475 511 2550 cecinisse
533 2471 760 2547 Lucretium:

397 2641 535 2706 Carmina
555 2641 631 2724 quin
652 2638 742 2698 etiam
762 2635 856 2696 divini
876 2636 1003 2718 pectoris
1023 2640 1088 2721 ejus

397 2742 623 2818 vociferantur,
652 2751 682 2802 et
703 2749 863 2823 exponunt
883 2739 1036 2822 praeclara
1056 2752 1192 2824 reperta3
1218 2817 1221 2822 Ι

397 2851 435 2911 Ut
455 2851 507 2911 rix
526 2845 662 2908 humani
683 2843 820 2905 rideatur
839 2843 930 2926 stirpe
950 2855 1066 2906 oreatus
1090 2849 1169 2908 1⁶⁸.

306 3067 379 3136 (166)
397 3064 501 3118 Aristot.
521 3061 593 3113 tora
607 3074 630 3110 c.
646 3073 668 3109 ιε
685 3057 799 3124 -vurgo,
817 3057 915 3127 inquit,
926 3073 1030 3121 omues,
1040 3058 1085 3126 qui
1097 3057 1214 3110 versibus
1225 3063 1363 3126 scribunt,

274 3163 364 3230 potitor
372 3151 504 3226 appodiare
514 3167 542 3201 so
547 3149 611 3201 ient:
629 3149 677 3202 soi
687 3151 739 3218 γὰρ
747 3150 782 3202 ἂν
794 3150 919 3217 torpedo
927 3151 945 3214 ἢ
954 3149 1082 3212 μουσικόν
1090 3169 1119 3200 τι
1128 3151 1176 3201 διὰ
1185 3153 1242 3203 'coir
1250 3157 1362 3226 μίτρη

273 3251 427 3318 ispipooso,
450 3247 519 3298 οὕτω
539 3244 635 3295 roim
653 3241 788 3295 εἶώθασιν
806 3257 813 3272 ·
832 3240 917 3294 otidis
935 3240 968 3294 dd
985 3243 1074 3294 κοινόν
1091 3246 1163 3296 ἐστιν
1181 3243 1293 3318 Ὁμήρῳ
1312 3253 1361 3302 καὶ

273 3339 470 3408 'Epurdosirt
483 3337 556 3405 πλὴν
566 3339 598 3390 τὸ
609 3339 720 3404 μέτρον·
732 3337 777 3390 διὸ
786 3337 835 3388 τὸν
843 3335 893 3399 μὲν
902 3339 1020 3403 ποιητὴν
1029 3339 1139 3390 ctsoov
1149 3340 1256 3405 καλεῖν,
1265 3344 1318 3395 τὸν
1327 3343 1362 3397 di

273 3437 436 3506 ooosoidyos
448 3431 551 3498 μᾶλλον
563 3433 580 3498 ἢ
590 3433 717 3498 ποιητήν.
748 3429 780 3480 ln
797 3426 905 3482 eandem
918 3428 1070 3480 sententiam
1083 3427 1186 3482 disserit
1197 3431 1286 3484 schot.
1299 3435 1360 3486 Dio·

273 3527 339 3596 nyoii
356 3527 384 3579 iu
395 3525 493 3580 tiliois.
509 3521 603 3576 tneod.
621 3521 665 3572 Gr.
677 3521 707 3571 Τ.
719 3521 756 3579 11,
766 3534 792 3586 p.
806 3531 859 3581 ¹7²·
868 3517 986 3570 Lactant·
998 3519 1061 3569 lust.
1072 3515 1128 3570 niv.
1144 3523 1185 3580 lt,
1198 3535 1236 3572 ra:
1248 3523 1360 3592 »Empe

272 3615 373 3678 docies,
390 3629 469 3685 quem
483 3611 578 3664 nescias
591 3617 715 3661 unumne
725 3607 794 3660 inter
809 3610 900 3676 podtro
909 3595 1019 3657 minter
1028 3603 1194 3674 philosophos
1205 3611 1359 3662 numerer.”

304 3703 381 3768 (167)
399 3702 504 3758 Aristot.
525 3701 551 3752 ia
566 3699 635 3752 libro
654 3697 790 3767 deperdito
808 3695 842 3748 de
858 3697 960 3752 Poetis,
971 3693 1041 3762 apud
1053 3694 1158 3760 Diogen.
1177 3695 1265 3748 Iarirt.
1278 3699 1359 3760 vm,

273 3809 291 3842 r.
305 3791 349 3856 57:
364 3795 456 3862 φησὶν,
477 3795 520 3846 ὅτι
539 3793 587 3842 noi
604 3787 787 3859 Ὁμηρικὸς
803 3789 817 3839 ὁ
836 3785 1037 3854 Ἐμπεδοκλῆς
1055 3787 1103 3837 noi
1121 3787 1252 3846 δεινὸς
1270 3793 1358 3858 περὶ

275 3887 337 3950 τὴν
354 3887 483 3955 φράσιν
500 3885 611 3951 ydrost,
630 3885 861 3952 μεταφορικός
877 3901 910 3935 τε
927 3880 963 3934 ὧν
979 3883 1026 3932 soi
1041 3879 1276 3960 τοΐςόλλοιςτοῒς
1288 3887 1357 3951 περὶ

273 3983 417 4046 ποιητικὴν
432 3963 614 4043 ἒπιτιύγμασι
632 3977 778 4047 χρώμενος.
801 3974 896 4026 Eadem
909 3973 1006 4042 repetit
1016 3971 1129 4024 Eudocia
1144 3973 1210 4025 Viol.
1222 3991 1249 4043 p.
1265 3991 1320 4040 r7o.

307 4065 380 4128 (16⁸)
399 4067 488 4120 Cicero
500 4067 532 4118 de
545 4075 609 4119 orat.
620 4069 642 4132 1,
656 4069 697 4131 50;
715 4067 850 4121 Lueretius
866 4071 887 4125 Ι,
903 4063 957 4126 732.
979 4061 1112 4124 Caicuiom
1125 4059 1164 4114 his
1173 4063 1247 4117 addit
1257 4067 1355 4119 Censo-
