2952 4836
561 429 801 482 rumoeorms.
1150 426 1211 489 463

74 541 76 548 ¹
142 595 178 656 et
195 585 343 660 confuse
370 585 512 664 dixisse:
541 607 585 667 ut
612 593 678 670 hoc
705 599 743 669 in
770 609 871 695 parte
895 598 973 697 ejus
994 597 1209 701 philosophia
1245 689 1247 692 ,

141 705 267 779 merito
291 705 502 784 balbutienti
525 713 645 789 similis
666 716 712 790 ab
729 715 915 792 Aristotele
933 717 1024 794 dicta
1049 722 1189 796 sit199.

189 947 503 1038 Quemadmodum
525 967 647 1028 sutem
672 957 830 1056 partium
856 960 1008 1058 corporis
1031 959 1214 1036 diversitas

139 1091 161 1139 e
193 1065 332 1142 diversa
346 1119 349 1124 -
365 1070 625 1147 elementorum
655 1078 802 1151 mistura
818 1081 970 1172 oritur,
1004 1083 1053 1154 sic
1088 1079 1214 1156 eadem

139 1213 282 1282 mussa,
313 1189 373 1264 illo
396 1191 532 1292 judice,
555 1198 651 1270 varia
675 1221 821 1299 quoque
846 1224 970 1274 rerum
992 1183 1122 1302 genera
1143 1227 1213 1276 ra-

139 1309 282 1408 riusque
302 1313 433 1411 species
453 1313 576 1390 efficit:
597 1341 683 1390 nam
705 1333 842 1394 mutata
860 1323 1033 1422 temperie
1049 1333 1213 1396 mutatur

138 1428 248 1504 etiam
264 1458 434 1532 pororum
450 1436 617 1526 conditio;
635 1438 720 1514 hinc
740 1453 862 1516 autem
882 1453 954 1515 tota
975 1442 1213 1516 animantium

137 1548 289 1644 indoles,
305 1555 377 1628 vita
394 1556 582 1658 victusque
599 1559 769 1659 pendent.
818 1563 871 1636 De
888 1560 945 1635 hia
962 1575 1084 1636 autem
1100 1585 1213 1660 gens—

137 1673 245 1746 ratim
266 1671 357 1746 nihil
377 1674 455 1750 lere
476 1677 521 1750 ab
542 1705 584 1754 eo
605 1680 891 1759 animadversum
912 1684 1044 1782 reperi,
1067 1693 1215 1780 excepto

137 1791 239 1892 quod
267 1792 312 1866 ad
340 1797 536 1872 animantes
569 1803 746 1901 aquaticos
765 1817 912 1901 spectat.
962 1803 1130 1878 &nesam
1148 1827 1214 1876 ex·

138 1911 276 2011 plicans
310 1941 377 1990 cur
411 1919 522 2016 pisces
550 1921 589 1992 iu
618 1947 712 2020 aquo
741 1923 879 2015 vivant,
917 1947 1008 2016 non,
1044 1920 1139 2023 qnod
1174 1923 1214 1996 in

138 2032 339 2134 plerisque,
368 2035 477 2128 dixit,
506 2038 619 2114 simile
647 2039 692 2113 ad
724 2041 837 2116 simile
870 2042 973 2136 ferri;
1002 2042 1214 2118 contrariam

138 2155 313 2231 rationem
331 2156 461 2232 attolit.
492 2158 650 2234 Credidit
666 2159 742 2236 illos
756 2163 928 2261 temperie
943 2185 1018 2236 esse
1035 2159 1215 2234 calidiores

27 2262 35 2282 ⁸
137 2278 388 2377 (ὑπερπύρους),
421 2277 501 2352 ideo
526 2293 677 2354 naturae
701 2281 875 2356 instinctu
898 2283 934 2354 in
960 2305 1092 2382 aquam
1113 2279 1214 2356 dela-

139 2411 209 2489 tos,
236 2413 280 2472 nt
300 2398 410 2499 hujus
431 2399 564 2500 frigore
588 2401 760 2476 naturalis
783 2404 939 2500 ipsorum
966 2399 1058 2474 calor
1082 2413 1215 2500 tempe·

139 2533 281 2592 raretur
296 2531 375 2590 ²⁰⁰:
400 2521 524 2596 eadem
540 2523 580 2594 in
602 2520 668 2596 hoc
691 2524 825 2599 ratione
843 2547 931 2598 usus
952 2547 1025 2622 qua
1045 2521 1213 2598 universa

138 2643 319 2738 appetitus
342 2641 477 2740 expleri
500 2643 655 2738 censuit3
675 2641 720 2718 de
741 2669 815 2742 quo
838 2642 1002 2722 inferius.

173 2881 250 2950 (199)
267 2883 373 2938 Aristot.
386 2887 500 2956 Metaph
516 2888 545 2948 l,
564 2903 577 2950 7
595 2887 651 2952 (ro)
669 2895 736 2942 extr.
752 2903 829 2960 qnam
847 2887 933 2938 locum
950 2885 1023 2954 attigi
1042 2899 1068 2954 p.
1091 2885 1149 2951 lap.

175 2971 250 3040 (aco)
268 2975 326 3030 Vid.
342 2975 447 3046 Emped.
461 2977 549 3042 fragm.
567 2993 601 3027 re.
616 2975 665 3042 adi
677 2985 711 3029 *et
728 2995 767 3028 or.
784 2978 848 3044 449.
866 2983 893 3026 et
909 2991 975 3046 quae
994 2974 1030 3024 ibi
1048 2971 1171 3024 annotavi
1187 2971 1214 3022 in

142 3061 340 3115 Commentario.
374 3066 440 3116 llinc
465 3073 552 3116 autem
577 3073 696 3134 apparet,
728 3065 827 3116 dictum
854 3063 918 3116 illud
946 3061 1091 3116 Plutarchi:
1114 3065 1149 3114 ed
1165 3061 1215 3126 ple

142 3148 231 3218 (ζόην
244 3153 321 3225 γένη)
336 3157 508 3226 oleesdrepm
525 3159 566 3216 ele
583 3157 616 3208 τὸ
632 3159 707 3226 ὕδωρ
724 3161 777 3225 τὴν
791 3156 877 3228 ὁρμὴν
894 3155 971 3224 ἔχειν
989 3155 1080 3220 (supra
1097 3167 1123 3220 p.
1141 3153 1218 3220 448),

143 3244 163 3294 si
184 3259 216 3296 eo
238 3261 314 3296 muso
337 3247 479 3316 accipiatur
496 3254 526 3298 ot
547 3247 595 3313 legi
614 3246 720 3300 volebat
737 3246 868 3300 Reiskiue:
891 3249 928 3300 τὸ
945 3245 996 3312 μὲν
1016 3241 1156 3314 ὑγρότερα
1177 3247 1218 3303 ele

140 3336 174 3385 τὸ
192 3335 267 3403 ὕδωρ
282 3363 317 3376 -
335 3335 495 3404 Empedoclis
512 3336 653 3388 sententiae
671 3337 775 3388 minime
791 3353 934 3402 congruum
955 3336 1018 3388 lore.

171 3425 309 3478 Caeterum
325 3441 358 3476 ne
375 3423 431 3494 quis
449 3434 539 3494 putet.
554 3441 621 3495 quae
640 3425 709 3492 apud
728 3423 934 3500 Theophrastum
952 3425 986 3477 de
1001 3425 1075 3476 Cous.
1091 3423 1173 3492 plaut.
1188 3425 1215 3484 1.

119 3521 121 3528 “
139 3529 195 3583 cap.
213 3521 280 3566 extr.
301 3511 334 3566 de
353 3513 504 3566 soimalibus
520 3521 548 3566 et
566 3513 658 3582 plantis
676 3514 801 3583 aquaticis
820 3513 928 3586 aliisque
946 3513 1080 3580 leguntur,
1099 3511 1132 3563 ad
1154 3514 1216 3564 Em·

140 3604 274 3675 pedoclem
292 3603 441 3672 pertinere;
457 3603 632 3673 pertinentes
650 3601 683 3654 ad
700 3604 891 3667 Uenestorem,
910 3603 955 3673 qui
974 3602 1023 3654 etei
1042 3602 1068 3652 in
1085 3599 1217 3652 nonnullis

140 3693 322 3764 Empedoclem
334 3701 450 3774 eecntpe,
463 3691 527 3744 haee
539 3699 625 3744 umen
636 3691 723 3744 multis
735 3692 852 3761 partibus
862 3692 949 3754 euxit;
961 3689 1042 3742 relati
1055 3686 1106 3740 hoe
1115 3687 1215 3756 ipsum,

140 3781 211 3852 quod
222 3781 266 3834 ille
276 3781 309 3834 de
320 3781 431 3852 piscihus
441 3781 551 3844 dixerat,
560 3779 593 3832 ad
606 3780 706 3850 plautas
718 3798 824 3852 quoque
835 3779 982 3834 transtulit:
992 3773 1229 3848 omqeelcddpoa'

142 3871 232 3942 ταύτῃ
249 3878 287 3942 τῇ
301 3873 369 3944 dien
390 3873 437 3926 aul
453 3873 620 3940 Marionem,
637 3869 667 3920 od
688 3872 771 3933 μόνον
788 3874 836 3924 lul
852 3872 907 3924 τῶν
918 3871 1007 3938 ξύων,
1024 3871 1095 3927 ἀλλὰ
1106 3873 1154 3924 sul
1167 3872 1214 3925 lrrl

142 3966 195 4018 τᾶν
211 3965 312 4028 eande-
349 3963 477 4031 Theophr.
495 3961 547 4014 l.l.
568 3977 590 4011 e.
609 3977 636 4012 ar
659 3961 732 4042 (⁸¹6).
751 3979 778 4032 p.
799 3961 846 4016 dds
866 3959 985 4017 Schneid.
