2958 4822
504 375 587 426 Vl'l'A
610 377 656 426 m
677 379 821 428 scunrts.
1157 374 1194 434 lb

169 537 342 614 Primum
370 557 490 617 autem
519 543 750 644 Empedocles
778 547 817 618 in
845 548 1024 647 republica
1052 567 1196 650 apparet

128 675 197 759 post
234 676 396 737 mortem
418 668 525 764 patris
546 665 716 760 Metonis,
741 688 851 767 qoem
876 671 994 768 ipsum
1015 695 1134 745 unum
1155 676 1194 745 in

127 781 347 882 principibus
377 786 485 860 fuisse
517 784 685 861 libertatis
714 787 892 863 vindicem
917 806 956 864 et
980 806 1196 890 patronum,

127 899 232 1002 colligi
255 919 378 1002 potest
401 931 446 981 ex
467 909 509 982 iis
529 931 623 1008 quae
644 907 824 983 Neantbee
847 909 1038 1012 Gynoanus
1059 914 1193 988 retulit.

125 1023 247 1098 Scribit
270 1025 351 1117 bic,
375 1029 538 1103 ablatona
559 1041 718 1121 mortuo,
740 1029 935 1130 tyrannidis
951 1031 1051 1106 initia
1067 1035 1197 1132 pullu-

125 1147 191 1220 lare
225 1148 406 1247 ooepime3
447 1164 526 1225 tum
554 1175 639 1226 vero
670 1149 918 1250 Empedoclem
954 1153 1197 1254 Agrigentinos
1265 1202 1268 1214 ι

125 1265 308 1344 induxisse
330 1285 374 1344 ut
394 1301 415 1345 a
439 1269 649 1346 factionibus
665 1271 871 1347 absisterent
893 1287 931 1347 et
949 1273 1197 1374 aequalitatem

14 1422 16 1460 :
124 1388 262 1465 civilem
294 1391 447 1488 (ἰσότητα
472 1395 655 1492 πολιτικὴν)
685 1391 981 1492 amplecterentur
1002 1393 1081 1468 ³⁶.”
1140 1397 1197 1470 Ex

125 1507 184 1582 hoc
203 1509 287 1590 loco
305 1515 386 1614 jure
405 1516 573 1614 suspicari
588 1515 689 1606 licet,
706 1513 883 1604 Metonem
901 1515 1025 1614 populi
1036 1517 1198 1614 partibus

124 1630 273 1730 fauna,
298 1649 335 1710 et
359 1637 542 1737 Agrigenti
566 1647 646 1733 post
668 1631 1082 1749 sublatamltyrannidem
1096 1663 1198 1738 mag-

14 1821 15 1868 ,
125 1775 167 1824 na
178 1755 340 1830 valuisse
359 1755 587 1846 auctoritate,
603 1779 720 1855 quum
736 1753 813 1852 ejus
827 1779 922 1828 mors
936 1757 1079 1855 signnm
1092 1774 1198 1852 esset,

14 1914 15 1950 r
124 1895 193 1970 quo
214 1877 448 1951 factiosorum
470 1888 618 1950 conatus
639 1874 682 1946 ad
701 1873 928 1976 tyrannidem
943 1877 1199 1954 restituendam

125 2013 370 2100 erumperent.
420 1999 554 2093 Quales
586 2012 707 2074 autern
735 2001 821 2072 istae
851 1999 1019 2073 factiones
1040 1997 1197 2090 luerint,

128 2133 293 2194 veterum
326 2119 674 2219 rerumpublicarum
702 2119 840 2194 histoma
867 2119 1031 2194 declarat.
1092 2121 1199 2220 Agri-

127 2243 262 2336 gentini
289 2265 404 2338 remp.
430 2239 679 2334 condiderant,
706 2241 838 2312 Doricis
863 2239 1034 2312 institutis
1057 2254 1199 2338 tempe-

14 2415 15 2430 ,
128 2375 259 2454 ratam;
299 2385 438 2434 summa
470 2383 595 2434 rerum
623 2357 787 2432 mandata
816 2374 893 2432 erat
924 2359 1071 2432 Senatui
1102 2359 1199 2433 mille

16 2485 17 2497 ’
129 2483 208 2554 viris
231 2480 429 2579 composito
442 2488 498 2551 ³⁷.
547 2479 592 2552 lli
614 2493 735 2552 autem
755 2501 839 2551 cum
855 2491 1024 2576 potestate
1046 2503 1111 2553 sue
1127 2481 1199 2553 im-

15 2644 17 2685 2
130 2603 343 2678 moderatius
364 2601 621 2693 abuterentur,
648 2601 813 2674 exstitere
834 2600 931 2693 lites,
951 2613 1093 2674 exortae
1112 2618 1200 2676 sunt

130 2727 295 2800 lectiones
310 2725 523 2822 optimatum
540 2737 577 2796 et
593 2721 719 2821 plebis,
734 2745 891 2821 quarum
909 2719 988 2795 illae
1003 2749 1200 2822 paucorum

130 2845 376 2936 dominationi,
398 2843 464 2917 hae
487 2843 650 2943 populari
670 2843 818 2940 imperio
840 2841 1013 2918 faverent.
1062 2845 1200 2944 Empe-

17 3058 18 3073 ,
131 2967 241 3041 docles
267 2967 377 3066 igitur
397 2965 639 3064 potentiorum
659 2961 840 3036 ambitioni
862 2961 1013 3056 obstitit,
1045 2963 1201 3040 facfioaos

130 3086 369 3188 reprehendit,
393 3089 502 3160 suasit
521 3085 681 3186 aequalia
702 3083 838 3156 civibus
857 3085 936 3183 jura
952 3086 1126 3184 impertiri
1142 3093 1198 3161 ³⁸.

130 3209 254 3310 Neque
287 3208 404 3283 solum
435 3207 552 3298 dictis,
585 3205 647 3280 sed
671 3205 771 3277 lactis
794 3227 944 3306 quoque
966 3229 1004 3278 ae
1025 3219 1098 3280 tam
1119 3233 1200 3309 erga

159 3353 214 3420 (36)
232 3353 291 3408 llid.
304 3335 815 3421 lttog.tst'rtvt11‚s.7s;ltudoota.p.
830 3361 883 3410 ¹7⁰·
909 3348 1202 3405 Nesntlrembsecrelo·

131 3443 218 3496 lisseio
228 3444 298 3497 libro
311 3448 380 3516 περὶ
394 3443 609 3514 Πυθιγορικῦν,
621 3439 722 3506 colliges
732 3453 748 3492 e
757 3437 876 3502 Diogenis
885 3437 985 3494 verbis:
999 3443 1134 3514 Νεάνθης
1145 3445 1202 3498 oie

132 3535 296 3607 Κυζικηνὸς,
317 3539 332 3588 ὅ
351 3542 400 3589 eol
417 3541 485 3608 recol
504 3539 558 3589 τῶν
576 3531 781 3598 Πυθαγορικόν
801 3528 896 3581 εἰπόν.
941 3529 994 3581 Nisi
1012 3534 1120 3588 fortasse
1141 3538 1203 3590 haec

132 3640 185 3691 part
196 3627 277 3682 luerit
285 3629 372 3697 operis
383 3629 454 3700 qssod
464 3629 565 3698 scripsit
574 3628 641 3695 περὶ
651 3624 767 3681 tudites
777 3622 895 3689 ἀνδρῶν.
915 3621 973 3674 vid.
986 3623 1070 3676 Stura.
1084 3624 1112 3678 in
1121 3626 1203 3678 Praei.

132 3714 271 3784 tmpedoet
282 3717 417 3784 llenagiua
426 3719 454 3769 in
464 3717 587 3771 obrem.
598 3717 626 3770 in
637 3715 743 3779 Diogen.
754 3711 769 3762 l
785 3712 801 3762 l.

162 3805 218 3870 (37)
234 3807 315 3874 Gaios
328 3808 426 3860 mentio
437 3807 469 3858 lit
478 3805 689 3876 paullointerias.

162 3894 216 3962 (38)
232 3897 291 3948 llnc
303 3903 404 3966 spectet
413 3896 527 3950 'limonia
536 3895 639 3948 runai
648 3895 676 3946 in
685 3892 867 3964 Empedoelem
875 3893 989 3948 dictum:

330 3989 422 4056 dpta'n
439 3989 467 4046 te
484 3985 596 4056 διέθηκ’
615 3989 700 4056 ἀρχὸς
718 3987 864 4044 ἐπιδευέας
880 3985 982 4050 tttm,

18 4083 19 4120 l
139 4075 143 4122 i
163 4093 183 4128 e.
197 4077 406 4142 multitudinem,
417 4078 459 4130 cni
470 4093 531 4145 rege
542 4066 606 4149 opas
615 4087 694 4141 esset,
703 4093 789 4145 regem
800 4075 869 4130 lecit.
887 4077 943 4130 Vid.
954 4077 1061 4130 interius
1072 4078 1112 4144 §¹8
1123 4079 1205 4148 princ.
