2958 4822
275 353 315 414 64
512 433 516 441 Ι
665 369 711 412 os
735 367 948 412 suasnocsrs

274 531 524 632 ἐντετυχηκέναι
554 555 560 568 ·
588 531 732 621 Νεάνθης
760 529 814 623 ds,
847 535 913 606 νέον
928 547 931 552 “
944 531 1023 604 ὄντα
1050 528 1253 627 γεγραφέναν
1280 531 1346 610 rias

273 652 477 755 τραγῳδίας,
505 655 561 728 aar
589 655 685 730 wirla
714 657 830 730 ἔπειτα
855 657 964 733 adroic
991 649 1244 752 ἐντετυχηκέναι
1264 657 1343 726 ¹⁸⁵.

272 778 320 848 Et
353 775 418 849 istd
451 791 637 848 auctorum
671 774 884 848 dissensione
919 787 956 847 et
995 773 1078 848 notia
1110 775 1274 873 Diogenis
1306 775 1346 844 in

272 895 493 996 excerpendo
517 893 731 996 negligentia
755 893 917 993 plerique
934 896 972 966 in
987 895 1190 992 opinionem
1207 893 1344 966 inducti

272 1031 371 1109 sunt,
383 1015 569 1117 physicum
584 1013 833 1115 Empedoclem
852 1013 966 1087 abillo
979 1039 1065 1088 cnm
1081 1015 1211 1114 tragico
1225 1019 1346 1112 poeta,

271 1138 387 1230 illius,
411 1153 454 1210 ut
479 1137 616 1230 fertur,
638 1162 684 1210 ex
704 1135 773 1208 lilia
795 1149 941 1234 nepote,
960 1134 1151 1208 confusum
1167 1159 1242 1208 esse
1263 1137 1345 1206 ¹⁸⁶.
1418 1163 1422 1170 ·

270 1259 338 1332 Sed
362 1273 405 1332 ut
431 1258 532 1330 facile
556 1256 761 1347 credamus,
795 1254 841 1328 de
864 1282 938 1354 quo
960 1281 1066 1328 nemo
1091 1253 1249 1347 dubitet,
1274 1270 1346 1328 tra·

270 1378 408 1480 goedias
442 1379 541 1471 istas,
571 1377 617 1450 de
646 1375 779 1476 quibus
806 1374 1023 1465 Heraclides,
1050 1375 1286 1476 Hieronymus
1308 1391 1347 1450 et

271 1499 452 1576 Neanthes
473 1498 693 1599 loquuntur,
716 1523 790 1572 non
813 1496 956 1598 physico
972 1497 1034 1570 sed
1054 1496 1184 1596 juniori
1203 1498 1346 1572 cuidam

270 1619 476 1720 Empedocli
497 1617 704 1692 tribuendas
720 1643 812 1710 esse,
833 1633 953 1690 tamen
973 1616 1057 1690 inde
1072 1643 1145 1690 non
1162 1619 1347 1717 sequitur,

271 1741 376 1814 illum
397 1739 591 1840 tragoedias
610 1741 756 1812 omnino
775 1763 848 1810 non
873 1738 1008 1812 fecisse.
1045 1736 1210 1839 Diogenis
1233 1737 1272 1810 in
1292 1738 1348 1813 his

270 1859 449 1936 tradendis
476 1861 560 1934 tides
589 1887 662 1960 quo
692 1859 772 1960 jure
793 1873 954 1956 suspecta
975 1858 1098 1933 haberi
1120 1875 1247 1961 queat,
1271 1886 1347 1936 non

270 1981 389 2056 video:
423 1983 583 2054 nominat
616 1996 795 2056 auctorem
826 1969 862 2053 et
890 1979 1023 2054 librum
1057 1981 1169 2058 unde.
1186 1983 1251 2054 ista
1280 1980 1348 2055 de-

271 2117 387 2176 sumto
419 2104 510 2194 sint,
543 2118 731 2176 enumerat
765 2102 869 2202 plura
903 2100 1125 2200 Empedoclis
1151 2103 1276 2200 scripta
1302 2099 1350 2174 ab

271 2223 455 2296 Aristotele
488 2221 537 2296 ibi
572 2239 785 2317 memorata,
813 2222 909 2296 addit
932 2221 978 2296 de
1002 2220 1184 2323 tragoediis
1207 2221 1348 2296 diversa

272 2343 486 2442 scriptorum
508 2341 655 2443 judicia:
681 2345 718 2416 in
744 2345 798 2420 his
822 2371 906 2418 sane
931 2343 1030 2417 nulla
1055 2357 1141 2418 sunt
1166 2341 1348 2442 negligen-

270 2463 339 2556 tiae
379 2464 518 2539 indicia.
571 2469 687 2566 Ergo,
725 2467 754 2539 si
791 2465 929 2566 reliqua
962 2493 1057 2567 quae
1092 2465 1150 2538 hic
1186 2477 1351 2536 recenset

270 2583 397 2682 scripta
420 2585 627 2684 Empedocli
653 2585 860 2686 assignanda
885 2603 990 2680 sunt,
1017 2614 1083 2662 cur
1105 2587 1193 2661 solas
1211 2601 1347 2690 tragoe-

270 2701 343 2776 dias
378 2705 577 2778 eximamus
601 2721 639 2780 et
659 2707 860 2781 tribuamus
884 2708 942 2782 alii
967 2707 1132 2799 cuidam,
1170 2709 1277 2807 eujus
1300 2737 1348 2782 an

271 2821 382 2896 ullam
404 2823 609 2900 Aristoteles
633 2828 757 2902 fecerit
781 2830 1023 2922 mentionem,
1051 2831 1177 2904 merito
1200 2828 1346 2904 dubite-

270 2941 360 3016 tur?
400 2985 445 3002 -
473 2931 536 3016 'st
575 2947 774 3049 philosophi
806 2951 947 3048 ingenio
981 2977 1110 3051 parum
1146 2975 1347 3050 congruum

270 3066 414 3141 sortasse
438 3069 636 3168 tragoedias
660 3097 825 3171 pangere.
854 3075 997 3172 —Ego
1021 3097 1107 3146 vero
1132 3097 1204 3144 non
1229 3069 1351 3160 video,

270 3213 354 3281 cur,
382 3191 447 3290 qui
472 3194 665 3264 maturiore
690 3207 804 3266 aetate
828 3191 873 3266 de
897 3207 1025 3266 natura
1049 3192 1264 3268 vaticinatus
1286 3194 1349 3282 sit,

272 3335 342 3384 non
368 3309 464 3385 idem
484 3313 626 3412 juvenis
648 3313 841 3412 tragoedias
852 3315 967 3388 secere
997 3313 1173 3414 potuerit,
1189 3337 1349 3412 praeser-

270 3431 335 3504 tim
365 3431 463 3527 talis,
498 3437 557 3508 cui
592 3458 692 3507 mens
720 3431 876 3509 divinior
907 3451 943 3510 et
973 3463 1042 3511 vox
1072 3433 1237 3535 grandior
1274 3460 1353 3506 nou

270 3567 387 3626 essent
411 3569 574 3654 negatae,
598 3553 696 3655 quod
719 3552 765 3627 de
782 3555 998 3655 Empedocle
1020 3583 1104 3632 vere
1120 3555 1201 3629 licet
1217 3553 1347 3628 dicere.

302 3709 378 3777 (ms)
396 3710 500 3777 Diogen.
518 3711 603 3763 Ledrt.
622 3711 686 3763 ibid.
703 3728 724 3762 ι.
738 3711 778 3763 58.
814 3715 845 3765 ln
866 3723 997 3783 postrema
1015 3713 1142 3768 rerrmntis
1154 3713 1234 3766 verba
1247 3713 1351 3767 ἔπειτα

272 3799 368 3860 αὐτοῖς
384 3802 445 3853 ratis
462 3799 552 3866 frigida
566 3809 640 3862 runt,
661 3801 756 3862 αὐτοῖς
772 3809 844 3854 certe
858 3804 985 3856 vitiorum.
1018 3803 1157 3856 Crederem
1173 3803 1243 3867 lere,
1255 3823 1348 3858 eornm

270 3891 329 3944 loco
342 3891 405 3944 olim
416 3889 513 3942 lectum
526 3887 604 3942 fuine
617 3896 806 3960 tragoediarum
816 3909 954 3947 nnmerum
964 3911 1028 3965 quas
1040 3891 1171 3946 Neantlres
1184 3895 1333 3964 reperisset.

304 3981 379 4048 (uss)
397 3977 618 4040 Quemadmodum
624 3981 710 4050 placet
717 3984 829 4048 stur-sio,
839 4001 864 4054 p.
874 3987 913 4040 88,
925 4001 1004 4054 quem
1014 3983 1039 4035 in
1050 3981 1099 4034 lroe
1109 3985 1226 4053 sequitur
1237 3985 1347 4038 Boeells

273 4073 364 4124 athan.
378 4069 549 4123 Staatslraush.
560 4069 615 4144 Vol.
630 4073 666 4136 ll,
681 4091 704 4142 p.
720 4073 775 4125 362.
