2958 4822
285 366 328 431 tt
410 417 412 422 .
660 381 722 430 nn
743 377 973 432 ammonas:

284 550 459 649 Diogenes
481 548 592 622 refert
609 555 626 600 ⁵
633 549 665 619 ⁶.
716 549 844 640 Quum
859 541 1074 620 Selinuntius
1091 567 1138 620 ex
1153 545 1268 620 amuis
1282 547 1353 620 oir-

284 667 512 746 enmfluentis
540 667 673 744 foetore
703 666 901 767 pestilentis
929 665 992 742 rel
1026 665 1123 744 tabee
1150 665 1353 762 inventast,

285 817 357 892 qrra
388 791 548 866 homines
574 789 734 890 perirent
758 799 948 888 otpertus
971 785 1120 866 abortiri
1145 791 1273 866 fieraet
1288 790 1355 888 (sic
1435 847 1445 862 .

283 919 398 990 enim«
419 914 578 1016 intelligo
613 913 791 988 Graecum
834 913 899 993 ricc
945 914 1104 1011 γυναῖκας
1146 907 1355 1010 tomam),

281 1037 534 1138 Empedoclem
565 1033 636 1109 tale
667 1030 876 1133 excogitasse
906 1033 991 1108 mali
1021 1032 1240 1108 remedium:
1262 1031 1354 1108 duca

282 1159 416 1231 ricinos
448 1181 571 1233 omues
607 1181 672 1230 ruo
707 1169 858 1254 sumptu
891 1157 929 1229 in
962 1152 1117 1230 ssadum
1131 1203 1134 1210 ·
1148 1151 1354 1244 imminue,

282 1301 442 1377 quorum
476 1277 724 1352 commixtione
750 1275 905 1367 laetum,
938 1287 982 1351 nt
1014 1301 1107 1375 aqrm
1136 1271 1354 1353 dutoescsret

282 1397 319 1473 et
353 1397 552 1498 pestilentia
590 1411 749 1477 moeret
777 1431 781 1440 ·
812 1397 949 1472 Deinde
982 1419 1072 1472 vero.
1100 1392 1220 1493 paullo
1253 1407 1353 1493 post,

281 1518 510 1618 epulantibus
534 1519 580 1593 ad
606 1514 1171 1626 amnemdelinuntiissuhito.se
1186 1513 1353 1602 obtulisse

279 1639 546 1739 Empedoclem,
570 1665 644 1741 quo
667 1653 851 1738 conspecto
871 1640 1211 1715 surrexisseomnes
1233 1636 1353 1713 illum·

277 1781 351 1860 que
379 1759 508 1838 divinis
535 1759 728 1838 bononbus
748 1775 933 1850 veneratos
957 1785 1045 1851 esse.
1094 1757 1285 1834 Selinuntii
1312 1758 1353 1832 in

278 1879 418 1956 sedatae
438 1881 657 1981 pestilentiae
678 1882 885 1956 memoriam
903 1907 1033 1954 numos
1051 1877 1234 1980 signandos
1248 1905 1354 1954 cura·

278 2015 388 2092 runt,
418 2011 576 2101 quorum
600 2001 673 2076 duo
697 2002 815 2075 adhuc
837 2015 1051 2103 supersunt,
1073 2001 1154 2102 qui,
1187 2003 1252 2074 etsi
1278 2025 1353 2074 non

277 2121 394 2196 addito
413 2121 636 2222 Empedoclis
661 2125 827 2214 nominc,
861 2125 973 2222 ipsius
995 2137 1116 2197 tamen
1138 2121 1275 2196 factum
1297 2147 1352 2196 re·

183 2287 185 2292 -
275 2225 511 2338 praesentent
543 2243 709 2344 Uterque
727 2243 772 2318 ab
792 2243 897 2318 altera
914 2255 1016 2344 parte
1033 2241 1177 2317 exbibet
1197 2241 1353 2316 dunum

275 2361 441 2462 Hypsan,
473 2362 644 2476 humanis¹
666 2365 802 2464 figura,
837 2363 983 2441 diversis
1017 2389 1102 2440 vero
1134 2361 1351 2463 insignibam,

276 2509 372 2558 sacra
395 2484 602 2577 facientem3
623 2485 740 2559 addita
763 2513 842 2576 ara,
862 2488 900 2559 in
922 2511 994 2586 qua
1017 2500 1070 2560 est
1091 2483 1227 2586 gallus,
1253 2490 1351 2560 resti-

276 2619 377 2679 tutae
407 2601 529 2677 salutis
553 2604 718 2702 signum,
749 2607 837 2680 item
860 2619 987 2680 taurus
1010 2609 1174 2700 victima3
1195 2605 1353 2707 denique

275 2729 346 2824 apii
366 2727 441 2800 sive
464 2723 566 2798 selini
587 2723 733 2820 folium,
757 2725 952 2801 Selinuntis
976 2727 1188 2830 symbolum.
1229 2729 1273 2801 In
1297 2727 1353 2802 al-

276 2861 352 2922 tera
373 2871 499 2920 eorum
525 2857 626 2943 parte
649 2845 866 2945 conspicitur
886 2849 1011 2948 Apollo
1035 2851 1161 2927 currui
1181 2849 1353 2945 insidens,

276 2993 401 3041 arcum
424 2965 593 3059 tendens,
615 2965 712 3066 quod
735 2967 955 3067 pestilentiae
974 2973 1133 3068 signum,
1158 2973 1218 3044 cni
1238 2971 1353 3046 adstat

275 3085 523 3188 Empedoclem
557 3087 618 3162 sed
648 3089 687 3160 in
718 3088 889 3164 ambobus
920 3093 1041 3165 numis
1069 3089 1136 3168 boc
1159 3089 1351 3166 discrimen
1444 3093 1453 3110 '

278 3227 350 3304 est,
377 3208 475 3311 quod
497 3211 538 3284 iu
559 3209 668 3284 altero
686 3225 887 3288 cernuntur
906 3200 1098 3312 quadrigae
1118 3213 1221 3286 citato
1239 3240 1351 3289 cursu

201 3347 203 3352 '
276 3348 414 3426 rectae,
433 3358 506 3433 quo
524 3329 638 3405 morbi
658 3330 883 3408 vehementia
903 3335 1134 3434 significatur,
1157 3349 1193 3408 et
1211 3337 1351 3434 Empe-
1458 3411 1459 3427 ,

198 3525 202 3534 .
276 3453 405 3546 docies,
426 3453 566 3528 sinistrd
586 3477 700 3527 manu
721 3479 871 3528 currum
891 3457 1045 3529 retinere
1068 3455 1246 3549 adnitens,
1263 3457 1350 3532 dex-
1457 3517 1458 3521 ,

276 3577 333 3650 tria
361 3577 479 3650 Deum
509 3573 614 3676 quasi
646 3573 861 3676 amplectens
892 3595 928 3650 et
956 3577 1046 3650 iram
1071 3577 1280 3678 deprecans,
1311 3579 1349 3652 in
1456 3601 1457 3604 ’

276 3698 386 3774 altero
419 3697 688 3796 conspiciuntur
728 3695 829 3795 bigae
866 3697 998 3772 lentius
1034 3697 1224 3794 vehentes,
1258 3729 1349 3803 quas

270 3821 346 3929 jam
372 3817 517 3924 cohibet
535 3815 776 3915 Empedocles.
829 3817 971 3910 Quibus
991 3819 1089 3895 haud
1112 3821 1222 3910 dubie
1242 3825 1350 3923 signi-

309 4084 369 4154 (56)
385 4085 488 4150 Diogen.
506 4081 532 4134 t.
551 4081 630 4142 vlu,
649 4094 693 4144 703
711 4079 836 4142 Eudoeia,
852 4097 878 4149 p.
898 4098 949 4146 rrr.
