2958 4822
521 335 609 416 erra
630 367 677 420 ar
698 369 842 424 eronus.
1174 355 1215 414 ‘st

141 549 264 610 tores
288 531 361 608 diei
382 531 580 630 haberique
595 527 748 607 solerent
763 541 823 636 ⁷?,
845 547 964 608 tamen
978 532 1055 632 ipsa
1069 532 1128 608 illa
1144 535 1216 609 sive

141 679 196 728 ars
220 655 298 731 sive
322 651 474 728 facultas
496 651 743 751 stipendarios
764 653 926 728 nondum
951 681 1043 730 vana
1066 670 1130 728 aut
1151 654 1217 728 ah-

138 777 237 873 jeeta
257 773 365 874 plane
387 769 583 848 habebatur
600 779 656 844 ⁷⁴.
703 771 910 872 Empedocli
935 774 1025 850 illud
1041 774 1141 851 facile
1157 777 1218 850 tri·
1301 825 1305 842 .

141 896 279 972 butum
299 896 358 972 vel
377 909 522 996 propter
540 894 631 971 iacta
649 893 707 968 illa
727 919 821 995 quae
841 897 1133 989 memoravimus,
1162 897 1219 974 vd

145 1032 293 1118 pmpter
310 1016 468 1093 earmina
486 1013 673 1113 atomio
691 1014 879 1116 appellata,
896 1015 1030 1117 quibus
1050 1017 1111 1092 has
1128 1033 1220 1094 artes

144 1167 181 1214 se
197 1153 327 1214 tenere
344 1137 522 1238 professus
537 1153 601 1212 est.
638 1136 742 1228 Quod
761 1137 907 1235 quidem
924 1137 969 1210 ab
981 1137 1055 1210 aliis
1067 1137 1221 1214 ludibrio

145 1261 328 1352 habitum,
350 1260 429 1336 aliis
448 1243 553 1353 vero,
574 1261 780 1360 praesertim
802 1258 1041 1351 multitudini,
1066 1259 1221 1334 admira—

145 1387 234 1462 tioni
253 1384 383 1473 fuisse,
407 1380 508 1455 laoile
531 1395 584 1456 est
607 1379 761 1474 oreditu3
782 1379 827 1454 de
847 1381 974 1479 Gorgia
994 1394 1133 1474 tamen,
1155 1367 1220 1482 qni
1294 1451 1298 1460 .

146 1505 242 1580 illius
270 1503 393 1578 multis
423 1505 462 1578 in
495 1499 603 1576 rebus
634 1499 841 1600 exemplum
864 1502 1024 1574 imitatus
1046 1516 1114 1594 est,
1149 1519 1245 1576 non‘
1296 1551 1300 1563 ·

142 1625 301 1700 dubium
324 1623 484 1710 videtur,
505 1626 596 1722 quin
619 1621 761 1696 honoris
783 1624 892 1722 gratia
914 1622 1003 1698 illud
1025 1623 1070 1698 do
1090 1649 1133 1698 eo
1153 1639 1222 1698 tes·

147 1763 243 1822 tatus
258 1746 324 1839 sit,
339 1769 413 1846 quo
429 1742 590 1818 videlieet
605 1743 759 1843 magistri
777 1759 814 1817 et
829 1743 1007 1844 popularis
1025 1747 1080 1818 sui
1100 1743 1223 1819 laudes
1322 1825 1330 1838 .

146 1867 245 1969 apud
278 1881 417 1940 exteros
447 1866 598 1938 Graecos
628 1863 829 1956 extolleret,
862 1865 1028 1965 illiusque
1060 1866 1223 1965 prodigiis
1268 1959 1278 1972 Δ

146 1987 394 2090 praedicandis
418 2011 521 2059 suam
544 1983 656 2082 ipsius
678 1984 822 2082 gloriam
844 1987 952 2088 (quae
972 2003 1047 2062 erat
1074 1987 1223 2073 hominis
1323 1979 1327 1986 ’

147 2107 301 2206 vanitas)
321 2109 454 2208 suique
477 2105 743 2180 admirationem
764 2111 911 2208 augeret
930 2115 986 2182 ⁷⁵.

196 2232 305 2306 Hanc·
328 2245 450 2302 autem
480 2225 674 2302 divinitatis
701 2223 904 2326 opinionem
926 2255 1044 2329 quum
1066 2229 1222 2304 doctrina

147 2354 324 2453 laetisque
343 2351 408 2425 sibi
429 2349 639 2448 peperisset,
665 2363 745 2423 tum
766 2351 873 2422 etiam
892 2351 972 2422 data
992 2375 1098 2448 opera
1120 2348 1224 2422 affeo·

151 2489 239 2547 tasse
260 2471 415 2548 ridetur.
466 2467 628 2541 Indicant
645 2469 711 2541 hoe
728 2468 806 2568 ejus
824 2495 937 2544 mores
958 2483 995 2542 et
1015 2471 1106 2543 vitae
1123 2470 1221 2542 ratio.

182 2616 242 2682 (73)
259 2619 301 2670 Ita
312 2615 893 2684 Leaioographiquainterpretantardiat,
911 2623 1070 2689 aaptsprs'o,
1086 2617 1225 2680 suessos,
1321 2642 1324 2650 ·
1359 2593 1362 2602 ¹

153 2717 180 2760 nt
201 2705 358 2776 Hesychius,
380 2707 491 2770 bloeais,
508 2708 633 2760 Timaeus.
659 2705 691 2756 Et
708 2705 758 2758 boe
774 2723 851 2760 sensu
868 2711 933 2780 γόης
947 2719 987 2777 (et
1003 2711 1064 2764 inde
1081 2711 1224 2766 derivatum

154 2798 306 2870 ymolen)
316 2796 388 2869 apud
402 2797 499 2850 Atticos
514 2795 653 2864 scriptores
667 2811 744 2865 saepe
759 2808 898 2868 nsurpatnr
913 2812 940 2856 st
955 2821 1016 2856 enm
1025 2801 1226 2856 vocabulistsss'·

155 2895 264 2960 βουλος,
280 2889 418 2951 ἀπατεὼν,
434 2889 636 2950 prudentianae,
654 2885 787 2950 similibus,
801 2897 923 2960 tanquam
935 2895 1081 2960 synonymia
1092 2897 1225 2962 conjungi.

155 2997 209 3042 turs
226 2985 344 3055 exempla
361 3001 376 3036 a
391 2981 500 3034 Platone
518 2977 629 3058 protulit
640 2973 775 3028 Ruhnken.
787 2977 813 3028 iu
826 2979 889 3032 Tim.
902 2981 962 3034 Lex.
972 2997 997 3050 p.
1010 2981 1049 3046 7³.
1079 2979 1226 3051 Xenophon
1328 2977 1333 2986 '

154 3078 232 3132 inab.
243 3078 274 3142 tt,
286 3091 311 3139 7,
321 3073 350 3128 bs
363 3073 593 3139 ἐξαπατηθέντας
605 3069 653 3122 sai
665 3073 952 3138 sasaroqasndlnos.
969 3071 1100 3126 Plutarch.
1110 3069 1144 3122 de
1152 3071 1227 3139 Pyth-

155 3185 221 3222 orac.
228 3164 287 3228 Vol.
298 3166 457 3236 v11,p.6ot=
467 3165 607 3218 Mnasias
617 3163 665 3216 sal
675 3163 770 3232 γόησιν
777 3164 934 3236 ὀαθρῶποις
944 3169 991 3219 sel
999 3166 1227 3228 ψευδομάντεσιν.

156 3257 186 3310 el.
200 3257 283 3310 Stura.
298 3273 324 3326 p
339 3255 387 3318 tt,
400 3265 452 3311 not
465 3272 504 3310 aa.
530 3257 645 3310 Notatur
655 3253 706 3306 hoe
715 3255 847 3308 hominnm
863 3273 941 3325 genus
953 3275 969 3310 a
981 3256 1088 3310 Platone
1099 3256 1175 3309 Polit.
1187 3257 1228 3318 ΙΙ,
1272 3295 1278 3308 .

254 3349 279 3398 Β.

158 3345 244 3505 hal)
260 3437 448 3493 Testaturhoo
465 3445 568 3506 praeter
581 3433 632 3488 alia
642 3443 758 3488 aeternna
773 3437 899 3490 seniaath
915 3437 948 3488 de
962 3435 1144 3498 daemonibus,
1160 3449 1228 3508 qnae

158 3527 240 3580 uultis
268 3527 348 3582 etiam
371 3529 462 3580 aeenlis
485 3535 544 3598 post
566 3525 661 3592 vignit5
687 3525 721 3580 ala
744 3541 797 3597 quo
822 3543 915 3594 genere
939 3525 1052 3578 Diotima
1071 3526 1097 3577 in
1117 3523 1229 3576 Platonis
1313 3529 1314 3536 ’
1384 3519 1386 3526 ’

158 3616 267 3686 Sympos.
277 3633 301 3688 p.
319 3633 366 3670 nos
378 3619 414 3680 E,
423 3617 498 3672 dicit:
512 3621 559 3672 διὰ
568 3617 668 3672 τούτου
681 3619 971 3688 salvimentum
982 3627 1066 3689 χωρεῖ
1076 3619 1124 3670 sal
1140 3619 1159 3683 s>
1176 3617 1230 3668 sis

160 3709 249 3780 ispius
263 3712 350 3779 τέχνη
367 3711 423 3762 vais
439 3731 471 3764 τι
488 3714 555 3784 scapi
571 3716 620 3772 saio
634 3716 736 3773 Onalos
752 3715 799 3768 sol
813 3717 861 3773 τὰς
873 3713 989 3772 τελετὰς
1001 3715 1049 3763 snl
1062 3715 1111 3770 τὰς
1125 3711 1231 3778 tapeta

161 3807 203 3856 anl
220 3810 271 3874 τὴν
287 3808 427 3868 meins
443 3810 533 3860 πᾶσαν
550 3809 598 3860 sul
615 3812 756 3876 romolus.

188 3895 242 3965 (ςὸ)
259 3883 380 3950 Stursius
401 3897 507 3964 Gorgias
525 3900 699 3950 testimonium
722 3898 906 3952 criminationis
927 3897 1007 3950 instar
1029 3895 1124 3951 babet.
1145 3911 1161 3945 a
1179 3909 1231 3963 qua

157 3986 336 4058 lanpsdodem
355 3984 511 4054 defendens,
527 3989 646 4056 Gorgiam
661 4005 758 4042 vanum
769 3997 796 4042 st
805 3986 991 4058 jactabundum
1001 3984 1128 4055 appellat;
1139 3991 1232 4036 eontra

152 4076 252 4132 bornus
268 4077 333 4128 huie
342 4078 510 4146 patrocinans
521 4078 627 4132 alterins
639 4080 811 4152 samgpntinm
820 4078 913 4149 carpit.
921 4077 955 4134 de
967 4077 1041 4143 Gorg.
1051 4074 1139 4130 leont
1155 4091 1180 4143 p.
1194 4078 1232 4130 16,
