2958 4822
293 391 310 451 4
681 403 728 450 nn
751 403 964 453 nurnnocnrs

291 583 396 656 runt,
420 581 462 640 ut
487 581 656 640 memorat
679 567 801 640 Suidas
819 579 851 642 ⁴.
902 569 969 643 Sed
992 569 1194 644 Archinomi
1222 597 1358 648 nomen

290 689 416 762 nititur
447 688 650 762 auctoritate
683 689 856 786 scriptoria
890 689 1090 789 cujusdam.
1115 693 1258 768 fortasse
1283 695 1357 796 Py·

289 809 459 907 thagorei,
482 811 563 882 satis
586 810 723 909 antiqui
747 809 915 912 quidem,
940 811 999 885 aed
1023 813 1131 913 ignoti
1156 840 1196 887 ac
1219 815 1359 890 nullius

287 927 385 1020 fidei,
411 933 475 1031 qui
499 929 677 1029 epistolam
701 931 803 1003 finxit
827 931 990 1032 Telaugis
1012 936 1155 1007 nomine
1177 933 1220 1007 ad
1237 935 1358 1008 Philo·

286 1048 382 1122 laum
409 1053 588 1149 scriptam,
613 1055 652 1123 in
676 1077 748 1151 qua
772 1049 817 1124 de
841 1053 1061 1152 Empedoclis
1079 1055 1150 1127 vita
1174 1069 1357 1128 narratur.

286 1173 354 1244 Ista
386 1187 507 1246 autem
539 1171 703 1272 epistola,
733 1172 923 1274 quaejam
951 1203 972 1247 a
998 1175 1160 1249 Neanthe
1187 1175 1359 1277 Cyziceno

286 1293 518 1380 ολιιιξιοπιστλς
538 1294 689 1392 judicata
713 1309 784 1386 est,
806 1297 885 1368 satis
906 1298 1034 1396 seipsa
1055 1298 1249 1394 redarguit3
1269 1298 1359 1372 adeo

285 1421 406 1517 inepte
423 1431 459 1490 et
475 1417 621 1490 oonfuse
638 1414 784 1490 conflata
795 1417 838 1488 in
855 1415 895 1488 ed
912 1431 997 1490 sunt
1013 1421 1129 1491 omnia
1142 1426 1174 1489 ⁵.
1213 1419 1358 1510 Quam-

285 1539 407 1612 obrem
433 1537 499 1611 hoc
526 1537 669 1637 quidem
701 1537 944 1611 testimonium
977 1538 1065 1612 nihil
1093 1538 1199 1612 habet
1226 1553 1358 1612 aucto-

285 1663 405 1734 ritutis.

242 1871 244 1876 .
316 1831 353 1894 (4)
371 1827 460 1882 Suidar
472 1848 498 1882 r.
515 1829 709 1898 Ἐμπεδοκλῆς
716 1867 724 1894 ,
734 1831 782 1883 ubi
792 1850 840 1903 pro
849 1831 969 1887 Ξινλτου
980 1834 1113 1901 legendum
1124 1849 1176 1884 erae
1184 1830 1357 1892 Ἐξαινέτου,

282 1922 332 1986 jam
350 1919 450 1971 dudum
468 1921 622 1989 interpretes
640 1923 793 1974 docuerunt.
821 1917 876 1975 vid
891 1925 991 1992 Menag.
1008 1925 1128 1977 Obeerrr.
1143 1924 1168 1974 in
1181 1923 1252 1987 Diog.
1269 1923 1355 1974 Lae'rt.

282 2009 416 2073 v111,5³.

313 2099 353 2168 (5)
386 2103 441 2162 Quo
453 2101 550 2156 tacitus
561 2103 624 2156 haec
635 2103 703 2154 frans
714 2103 848 2172 dijudicari
863 2107 950 2176 possit,
961 2119 1015 2154 non
1027 2102 1216 2172 incommodum
1229 2103 1279 2153 erit
1292 2100 1356 2170 epis·

283 2189 336 2244 toiii
352 2191 425 2243 iatiur
443 2201 578 2263 excerpta,
593 2212 609 2245 a
621 2195 731 2260 Diogene
743 2195 859 2263 prodita,
875 2194 991 2246 hocloco
1003 2209 1164 2261 componere.
1200 2191 1313 2242 Primum
1323 2189 1356 2241 de

281 2281 443 2350 Empedoclis
456 2290 530 2350 patre
542 2276 726 2334 commemorat
737 2284 799 2335 haec
811 2285 900 2349 (vlit,
912 2304 931 2339 ν.
945 2285 1001 2352 53);
1023 2285 1168 2353 Τηλαιιγὴς
1183 2283 1215 2336 λλ
1225 2283 1238 2333 λ
1248 2283 1355 2336 noea-

283 2374 366 2440 γόρου
380 2383 446 2433 παῖς
456 2375 484 2424 ἐν
495 2381 531 2442 τῇ
538 2377 604 2442 πρὸς
614 2374 750 2426 Φιλόλαον
760 2377 891 2446 ἐπιστολῇ
897 2379 976 2445 parci,
991 2380 1040 2430 τὸν
1048 2374 1245 2441 Ἐμπεδοκλέα
1254 2371 1357 2443 Ἀρχι-

281 2469 365 2531 νόμου
375 2459 447 2520 εἶναι
460 2465 529 2521 υἱόν.
556 2465 636 2516 Porro
649 2483 668 2515 ι.
683 2463 727 2521 55,
742 2463 774 2514 de
788 2467 841 2530 ejus
853 2467 1075 2537 praeceptoribus:
1100 2471 1234 2536 Νεάνθης
1245 2469 1354 2535 aqut...

282 2565 332 2628 τὴν
343 2563 549 2630 προρερομλνην
558 2557 793 2626 πρδςΤηλαυνοῦς
802 2559 956 2628 ἐπιστολὴν,
967 2561 1011 2612 ὅτι
1020 2563 1156 2630 μετέσχεν
1165 2555 1300 2614 Ἱππάσου
1309 2562 1356 2611 καλ

279 2655 442 2724 Βροντίνου,
451 2655 488 2718 μὴ
500 2645 572 2703 εἷναι
582 2651 747 2709 ἀξιόπιστον.
768 2650 899 2701 Postremo
912 2636 945 2703 de
958 2651 1117 2720 Empedoclis
1129 2663 1220 2714 morte,
1234 2671 1253 2704 ι.
1267 2657 1308 2716 74ι
1327 2655 1355 2702 λν

281 2747 314 2800 δὲ
327 2747 365 2815 τῷ
379 2746 566 2814 προειρημένῳ
580 2743 741 2809 Τηλαιιγοῦς
754 2737 900 2810 λπιστολλῳ
917 2745 1039 2809 tirum,
1055 2744 1139 2796 αὐτὸν
1152 2747 1193 2802 etc
1206 2745 1355 2796 θάλατταν

280 2838 335 2891 ὑπὸ
349 2842 435 2908 γήρως
449 2837 639 2904 roceium
652 2835 828 2903 τελευτῆσαι.
853 2835 921 2886 Haec
938 2843 998 2888 runt
1012 2853 1078 2906 quae
1090 2836 1161 2905 epod
1173 2836 1311 2901 Diogenem
1323 2853 1354 2887 ex

278 2930 320 2982 illa
331 2929 439 2999 epistola
450 2923 771 2991 commemorataiegimur.
796 2927 863 2985 tam,
880 2933 911 2975 ut
922 2925 1047 2986 omittam,
1066 2925 1136 2994 quod
1154 2925 1276 2992 Diogenes
1294 2925 1353 2976 aiibi

248 3037 249 3040 ¹
278 3019 365 3082 (virt,
383 3017 435 3080 tii
454 3016 557 3076 scribit,
571 3013 771 3081 Telaugennihii
784 3015 873 3083 scripti
885 3013 1030 3083 reliquiae,
1049 3029 1124 3065 nemo
1140 3015 1353 3085 ignorat‚‚quan·

277 3117 334 3160 turn
349 3109 471 3174 Teleuger
480 3115 507 3158 et
516 3103 645 3158 Philotam
658 3111 744 3156 aetate
755 3104 823 3154 inter
835 3120 863 3154 re
874 3103 978 3156 dictent.
1008 3105 1099 3173 Neque
1111 3105 1210 3156 minore
1221 3103 1354 3168 intervallo

279 3197 355 3249 dietat
369 3197 402 3248 ab
419 3175 586 3266 Empedocle,
606 3195 647 3246 eui
662 3195 704 3246 rix
715 3194 839 3264 aequalia,
856 3193 950 3244 nedum
963 3195 1079 3261 superior
1092 3209 1146 3244 erre
1160 3193 1282 3261 potuerit.
1309 3193 1354 3244 Hic

281 3297 365 3338 tamen
378 3285 444 3337 iilius
456 3295 565 3337 mortem
577 3291 769 3335 commemorat.
793 3283 863 3334 Idem
873 3281 1009 3334 dicendum
1018 3282 1051 3334 de
1062 3283 1185 3333 Brontino
1197 3289 1222 3334 et
1235 3283 1353 3354 Hipparo.

279 3377 412 3428 Portremo
428 3375 541 3442 ringula,
562 3391 628 3443 quae
644 3375 670 3424 in
687 3375 735 3426 hae
752 3374 858 3443 epistole
870 3372 1027 3435 traduntur,
1046 3373 1205 3442 optimorum
1216 3381 1351 3426 auctorum

279 3464 430 3518 teatimoniir
441 3473 584 3534 repugnent
592 3504 599 3525 ,
608 3473 639 3517 ut
652 3465 772 3532 deinceps
783 3463 924 3532 apparebit.
1102 3501 1106 3510 .

310 3555 386 3608 Do'ct.
398 3557 511 3620 Bonemy
525 3555 653 3620 (tiemoir.
665 3554 698 3606 de
709 3553 803 3606 l'tcad.
815 3553 841 3604 d.
856 3555 936 3604 lotor.
948 3560 974 3604 et
987 3555 1013 3603 Β.
1030 3552 1112 3604 Lettr.
1122 3551 1150 3602 Τ.
1167 3553 1192 3604 X
1202 3589 1210 3612 ,
1220 3569 1246 3621 p.
1259 3551 1299 3604 55.
1310 3550 1351 3603 ed.

277 3646 355 3698 Paria.
360 3659 368 3710 )
375 3645 493 3714 putabat,
500 3642 681 3696 Archinomurn
690 3650 790 3712 patrem
797 3641 903 3694 fortunae
911 3641 986 3694 fatua
997 3641 1155 3709 Empedocli·
1164 3641 1351 3708 tragoediarum

277 3739 378 3806 poetae.
388 3733 433 3803 qui
444 3734 528 3784 minor
536 3739 600 3784 nato
613 3731 671 3782 suit.
701 3731 751 3782 Sed
761 3730 860 3800 reliqua
870 3731 903 3782 ab
913 3731 988 3796 hujus
997 3737 1082 3782 aetate
1091 3731 1173 3782 multo
1184 3731 1261 3784 etiam
1275 3728 1352 3794 magis

277 3824 430 3892 dircrepant.
456 3822 482 3874 si
500 3821 616 3873 mendaci
631 3819 756 3872 Graecuio
776 3820 862 3889 eliqua
881 3819 944 3872 fides
962 3829 1028 3873 earet
1047 3819 1175 3879 habenda,
1193 3835 1208 3870 e
1225 3816 1352 3870 vocabulo

279 3915 331 3985 Ἀρ
334 3920 444 3985 girones
453 3917 603 3982 conjectura
612 3911 672 3964 duci
682 3909 935 3980 pernumeratum
944 3926 1087 3979 cognomen
1097 3910 1266 3978 meginratus,
1275 3921 1352 3977 quern

280 4009 368 4059 Meton
380 4007 406 4058 in
418 4005 523 4058 civitate
534 4001 696 4070 Agrigentino
706 4003 827 4068 geminet,
837 4001 958 4070 quoniam
968 4018 984 4054 a
995 4003 1060 4070 reip.
1072 4000 1291 4056 administratione
1301 4009 1353 4046 non

278 4095 375 4148 alienor
387 4093 464 4148 iniere
476 4093 586 4148 ridetur.
