2968 4838
494 493 500 500 ¹
557 417 795 468 rmnosorfflt.
1147 407 1209 466 606

141 607 269 682 parum
277 582 425 681 quidem
433 582 603 674 videntur
611 607 819 682 congruere3
831 606 950 682 neque
959 582 1074 656 dicere
1086 583 1214 676 ausim,

141 729 187 776 an
209 702 442 802 Empedocles
463 703 527 777 sibi
549 702 587 776 in
609 707 782 807 sententia
801 703 846 777 de
867 703 988 782 divina
1007 721 1154 800 natura,
1169 705 1214 780 de

140 853 213 926 qua
235 839 309 900 tam
331 826 465 900 incerta
492 840 568 900 erat
587 840 753 902 veterum
771 825 882 916 notio,
903 828 983 900 satis
1008 829 1213 902 constiterit.

140 945 236 1020 Illud
248 960 367 1020 tamen
385 942 550 1022 affirmari
571 961 700 1047 potest,
715 947 832 1039 illum,
845 972 962 1047 quum
977 947 1162 1048 sphaeram
1179 963 1216 1023 et

142 1067 317 1142 elementa
339 1067 433 1142 Deos
451 1083 610 1161 vocaret,
631 1093 704 1141 non
724 1067 936 1142 intellexisse
954 1093 1103 1142 crassam
1123 1067 1217 1144 hanc

141 1188 348 1281 materiem,
377 1215 397 1262 e
432 1215 505 1288 qua
537 1216 681 1288 cursura
705 1203 791 1262 sunt
818 1186 990 1280 conflata,
1015 1188 1075 1262 sed
1098 1191 1216 1288 potius

142 1311 286 1384 illorum
296 1311 428 1409 species
438 1310 609 1410 quasdam
620 1308 757 1384 mortali
769 1309 865 1383 faece
875 1310 1067 1384 immunes.
1080 1310 1216 1404 Quodsi

142 1430 309 1530 sphaera,
344 1445 387 1505 ut
408 1432 496 1504 mihi
517 1431 659 1508 videtur
672 1437 702 1524 ⁸,
732 1430 820 1508 nihil
841 1430 939 1506 aliud
961 1431 1128 1532 significat
1148 1432 1216 1506 nisi

141 1553 303 1630 universi
322 1553 544 1628 harmoniam
563 1554 680 1627 omnia
702 1567 796 1626 certo
818 1551 944 1626 ordine
965 1555 1218 1646 continentem,

142 1673 236 1748 hanc
251 1673 393 1749 forsitan
416 1674 546 1749 dixerit
562 1689 720 1750 mentem
736 1673 833 1748 illam
852 1673 983 1775 (φρένα)
997 1687 1127 1749 cuncta
1143 1699 1219 1748 nu-

142 1797 240 1869 rnine
271 1821 337 1870 suo
363 1811 563 1898 regentem3
599 1797 683 1872 inde
719 1823 827 1896 porro
863 1799 937 1874 rim
965 1796 1122 1874 divinam
1153 1821 1219 1894 per

142 1917 318 1993 elementa
341 1933 490 1996 naturae
511 1921 676 2020 viresque
696 1933 880 1996 moventes
901 1918 1087 2010 diffusam,
1104 1915 1219 1990 abhis

142 2039 180 2112 in
206 2039 362 2138 reliquos
385 2039 487 2133 deos,
509 2039 717 2132 daemones,
748 2042 885 2114 animas
912 2039 1107 2116 derivatam
1130 2061 1217 2111 esse.

141 2162 269 2262 Itaque
290 2164 437 2236 sensisse
457 2161 618 2254 videtur,
639 2187 759 2236 unum
780 2187 855 2235 esse
875 2185 1014 2235 numen
1033 2159 1218 2252 divinum,

142 2283 251 2383 cujus
279 2285 332 2360 vis
357 2309 423 2381 per
454 2285 668 2358 universum
702 2297 828 2382 patens
856 2284 1010 2357 maxime
1028 2279 1218 2380 conspicua

142 2406 244 2480 sitin
269 2421 426 2507 quatuor
446 2405 513 2480 illis
534 2408 691 2498 naturis,
715 2406 814 2480 unde
835 2405 953 2479 omnia
970 2417 1043 2475 tam
1060 2401 1218 2475 coelestia

142 2553 254 2628 quam
274 2531 451 2602 terrestria
470 2529 644 2603 traxerint
661 2529 844 2628 originem.
895 2525 976 2600 Non
997 2537 1119 2598 autem
1140 2521 1219 2596 ideo

143 2647 333 2724 discrimen
359 2651 452 2724 inter
477 2651 560 2725 deos
583 2651 620 2724 et
643 2649 806 2723 mortales
828 2647 990 2738 sustulit,
1017 2647 1046 2720 si
1072 2642 1219 2744 quidem

143 2771 208 2844 hos
230 2769 530 2846 vicissitudinibus
553 2787 590 2846 et
610 2773 690 2845 fatis
707 2769 888 2864 obnoxios,
908 2769 984 2842 illos
1001 2783 1162 2842 aeternos
1183 2779 1221 2840 et
1317 2805 1321 2818 ·

144 2893 266 2968 beatos
292 2909 412 2969 censet
429 2905 470 2986 ⁹3
496 2893 557 2967 sed
577 2894 737 2992 putarit,
764 2891 855 2966 sicut
879 2888 1104 2990 Pythagorei,
1126 2887 1221 2958 inter

10 3035 11 3040 ’
144 3017 264 3090 omnia
282 3043 355 3090 esse
371 3029 521 3102 naturae
537 3015 846 3106 communionem,
866 3026 910 3086 ut
925 3011 1009 3084 dicit
1023 3011 1151 3084 Sextus
1167 3017 1222 3076 ¹⁰:

146 3141 176 3214 oi
194 3141 257 3235 μὲν
276 3140 350 3236 περὶ
374 3139 428 3214 τὸν
449 3134 645 3236 Πυθαγόραν
666 3139 725 3212 καὶ
749 3136 806 3211 τὸν
827 3130 1055 3231 Ἐμπεδοκλέα
1081 3130 1137 3204 καὶ
1160 3131 1222 3203 τῶν

145 3265 276 3340 ’treats
307 3260 428 3352 πλῆθός
459 3267 567 3357 Φαον,
590 3261 638 3358 μὲν
664 3259 758 3356 μόνον
778 3260 851 3356 ἡμῖν
873 3257 952 3354 πρὸς
975 3252 1140 3345 &Miluus
1166 3253 1222 3327 κα)

146 3387 224 3484 πρὶν
248 3386 327 3468 τοὺς
354 3381 442 3465 θεοὺς
470 3379 549 3462 εἶναί
569 3415 643 3461 τινα
672 3377 1149 3477 commmentatores
1176 3375 1223 3450 τα

146 3508 262 3606 ἄλογα
279 3514 341 3584 τῶν
359 3505 454 3605 (dur
472 3509 508 3582 ἓν
523 3509 593 3607 γαρ
616 3507 783 3608 ὑπάρχειν
802 3515 952 3603 πνεῦμα,
967 3505 1006 3578 rl
1026 3499 1084 3579 tata
1102 3499 1223 3578 ravrlr

146 3637 205 3704 τοῦ
227 3631 355 3728 κόσμον
378 3628 484 3722 διῆκον
499 3626 621 3730 ψυχῆς
637 3630 774 3728 τρόπον,
795 3631 834 3704 τὸ
856 3631 913 3704 καὶ
937 3629 1022 3702 ἑνοῦν
1042 3626 1129 3718 ἡμᾶς
1146 3624 1224 3720 προς

145 3751 260 3831 ἐκεῖνα.
311 3756 415 3848 Quae
434 3755 532 3828 Sexti
552 3751 679 3846 verba,
703 3753 908 3853 praesertim
927 3747 1024 3824 istud
1041 3749 1077 3822 ἓν
1095 3753 1226 3842 πνεῦμα

179 3927 219 3986 (8)
238 3923 349 3992 Exposui
368 3941 446 3993 snpra
464 3941 490 3991 p.
509 3921 566 3974 388.

180 4021 219 4083 (9ὶ
237 4015 342 4084 Emped.
360 4033 395 4070 rs.
414 4015 442 4080 5,
458 4015 512 4068 ἄπο
530 4019 657 4086 μακάρων
680 4043 712 4058 -
733 4015 765 4067 ct.
785 4029 820 4066 vr.
841 4012 889 4076 387
909 4027 944 4080 sq.

180 4104 873 4179 mmmmmffim„'
