2958 4822
513 397 596 447 vrrs
621 397 667 446 ετ
687 399 830 447 snnnns.
1163 381 1204 441 ³7

134 562 177 636 sb
196 561 266 636 ullo
282 561 388 638 facile
406 589 490 638 sano
505 565 622 666 judice
639 563 780 660 credita,
797 591 870 640 non
887 564 1000 638 solum
1020 563 1114 636 inter
1129 561 1203 662 ple·

135 709 258 784 rosque
275 683 457 786 divulgata
466 699 531 780 est,
547 687 607 762 sed
619 691 724 762 etiarn
742 687 896 763 studiose
909 689 1035 787 agitata
1050 684 1204 775 edoctis,

132 807 192 908 qui
221 805 370 882 subulae
400 807 572 882 rationem
600 810 775 908 explicare
815 808 1042 882 studuerunt„
1102 803 1204 878 Multi

132 926 287 1002 srbitmti
320 943 426 1020 sunt,
457 927 725 1028 Empedoclem,
760 927 848 1004 durn
881 929 1016 1002 Aetnae
1041 925 1205 1000 incendia

131 1048 333 1148 diligentins
364 1053 567 1125 examinare
592 1049 717 1142 vellet,
746 1051 863 1124 aeneis
887 1049 1012 1124 calceis
1035 1049 1205 1123 adversus

133 1167 266 1244 favillae
291 1170 456 1246 ardorem
479 1175 681 1262 munitum,
703 1173 849 1270 pmpius
865 1169 1002 1246 hiatum
1025 1172 1206 1246 accessisse

133 1305 165 1364 et
188 1293 336 1366 incaute
362 1319 585 1394 progressum
608 1295 646 1366 in
667 1291 894 1368 flammarum
920 1295 1096 1394 gurgitem
1120 1317 1207 1391 pro-

134 1413 266 1512 lapsum
291 1439 392 1506 esse;
427 1441 538 1516 qnam
564 1415 766 1514 opinionem
798 1427 834 1488 et
862 1415 1035 1515 Diogenes
1063 1417 1099 1488 in
1126 1415 1207 1514 epi-

133 1549 326 1636 grammate
352 1536 508 1638 quodam
535 1537 771 1638 sequitur⁹⁷,
802 1551 839 1610 et
870 1525 976 1612 multi
1000 1538 1207 1637 praesertim

135 1661 343 1733 recentiores
369 1657 523 1756 amplexi
554 1673 651 1732 sunt.
702 1658 802 1754 Quid
830 1657 927 1760 quod
959 1659 1135 1761 hodieque
1167 1659 1206 1731 in
1278 1741 1280 1746 ,

133 1781 312 1878 superiore
324 1781 460 1860 Aetnae
472 1794 573 1878 parte
585 1781 755 1882 antiquae
772 1785 882 1855 turris
896 1781 951 1856 rel
965 1781 1061 1855 aedis
1076 1778 1208 1854 rudera

133 1915 392 1994 monstrantur,
430 1927 541 2002 quam
583 1899 689 1982 faura¹
710 1917 762 1974 est
794 1902 890 2000 apud
926 1903 1140 1976 Cataneuses
1164 1898 1210 1974 ab

133 2020 347 2121 Empedocle
367 2033 583 2095 exstructam
601 2047 675 2096 esse
697 2022 741 2096 ad
765 2021 1074 2095 incendiioaussas
1090 2021 1209 2121 explo-

132 2143 263 2236 randas,
282 2143 387 2218 unde
404 2141 492 2216 haee
516 2143 656 2218 turris
679 2141 936 2244 philosophi
956 2143 1065 2244 vulgo
1081 2169 1210 2242 eogno-

131 2265 253 2339 minari
275 2264 378 2340 solita
394 2270 520 2340 est⁹⁸.
571 2263 667 2339 Haec
691 2269 797 2358 ratio,
820 2265 985 2368 quamvis
1001 2267 1152 2364 speciosa
1174 2279 1210 2337 et

132 2385 330 2462 multorum
350 2387 574 2462 eruditorum
592 2389 790 2462 assensione
802 2386 1061 2492 commendata,
1077 2413 1208 2487 parum

132 2521 245 2584 tamen
255 2509 368 2585 habet
380 2507 641 2608 probabilitatis.
658 2507 890 2608 Empedocles
906 2510 1042 2584 Aetnae
1056 2523 1208 2582 crateres

132 2655 174 2704 ne
198 2635 406 2732 cognovisse
425 2631 576 2732 quidem·
590 2629 753 2726 videtur3
779 2643 875 2704 certe
893 2630 1031 2705 nnllam
1050 2629 1134 2704 lecit
1150 2657 1208 2704 us-

132 2779 235 2852 quam
246 2779 377 2828 enrum
390 2753 676 2847 mentionem,ut
691 2753 809 2858 arguit
824 2751 1056 2846 Timaeus99,
1071 2751 1208 2829 nedum

133 2899 184 2948 eos
207 2875 369 2968 adiisset,
386 2900 476 2975 quos
498 2875 607 2949 etiam
627 2873 749 2948 multis
767 2873 894 2948 seculis
909 2889 1003 2972 post,
1027 2873 1208 2948 Strabonis

132 3007 305 3098 tempore,
335 3021 403 3070 nee
425 2994 513 3069 adiri
538 3021 607 3070 nec
629 2995 782 3093 conspici
805 3021 904 3093 posse
925 2995 1034 3098 vulgo
1056 2995 1207 3070 arbitra-

132 3113 260 3194 bantur
281 3129 361 3190 ¹⁰⁰.
412 3118 482 3193 Ista
505 3131 642 3212 autem,
664 3143 758 3220 quae
781 3115 959 3218 hodieque
980 3093 1209 3210 monstratur,

159 3303 214 3370 (97)
230 3305 362 3370 Diogenes
374 3301 492 3356 Laertius
504 3303 581 3365 l'lll,
595 3302 634 3368 75.
646 3303 808 3371 Epigramma
820 3301 872 3353 tale
884 3310 935 3354 est:

226 3395 279 3447 arel
296 3394 331 3456 od,
347 3393 424 3462 ποτ’,
441 3395 657 3460 Ἐμπεδόκλεις,
674 3397 754 3464 διερῇ
769 3393 851 3460 φλογὶ
869 3395 945 3458 σῶμα
964 3397 1091 3464 καθήρας

298 3488 357 3556 πῦρ
374 3489 427 3539 ἀπὸ
447 3494 588 3559 κρητήρων
605 3489 698 3549 ἔκπιες
716 3489 875 3540 ἀθανάτων.

226 3578 278 3631 οὖν
297 3581 363 3649 Ιρένν
381 3578 423 3643 δ’,
440 3583 484 3634 ὅτε
503 3585 605 3636 σαυτὸν
623 3579 689 3634 ἔνων
707 3581 795 3648 βάλες
812 3581 838 3640 ἐς
856 3580 918 3648 ῥόον
936 3579 1055 3650 Αἴτνης,

297 3672 368 3724 ἀλλὰ
382 3675 490 3736 μαθεῖν
506 3675 612 3728 tettan
630 3676 748 3740 ἔμπεσες
771 3673 820 3726 οὖν
838 3674 951 3726 ἐθέλων.

132 3760 157 3810 ln
169 3761 261 3816 ultimo
273 3781 352 3817 versu
368 3769 476 3830 μαθεῖν
492 3767 583 3837 seripsi
603 3785 652 3837 pro
668 3766 739 3833 vulg.
759 3767 877 3829 tulleta,
895 3773 1004 3828 auctore
1020 3765 1085 3818 bier.
1101 3763 1209 3817 casaub.
1292 3773 1296 3782 ’

160 3851 214 3920 (98)
233 3853 292 3906 vid.
307 3857 477 3923 blongitoriur
489 3857 551 3911 bibl.
564 3858 615 3910 ste.
626 3875 704 3929 ςυιω
717 3847 871 3911 sententiam
885 3865 975 3908 tuetur
986 3855 1064 3908 etiam
1077 3853 1168 3921 boyle,
1181 3854 1207 3904 in

133 3937 291 4007 durnecto,
309 3943 360 3996 rub
379 3945 430 3996 fin?
440 3945 538 4000 Harles
553 3945 580 3997 in
591 3945 668 3999 Febr.
680 3945 741 3998 riht.
757 3947 800 3998 Gr.
814 3949 851 4006 11.
874 3961 908 3996 ra.
921 3947 949 3996 T.
963 3947 984 3996 1.
996 3961 1021 4012 p.
1033 3943 1096 4008 805,
1110 3953 1163 3996 not.

160 4033 211 4100 (99)
230 4033 307 4105 Apud
321 4034 425 4101 Diogen.
438 4036 522 4090 ladrt.
534 4035 594 4088 ibid.
607 4053 626 4086 r.
641 4051 679 4099 7¹·

160 4123 228 4188 (roo)
245 4125 307 4175 vid.
322 4125 416 4176 Strabo
429 4123 521 4177 citatus
539 4135 592 4178 not.
609 4123 649 4190 95.
