2968 4838
554 405 794 456 annosorrna.
817 415 820 420 ¹
1145 398 1209 460 sot

139 571 245 662 Rixa,
270 570 410 644 Candor
440 585 476 644 et
498 571 667 664 Fallacia,
689 572 778 646 aliae
795 583 850 645 ¹³.
902 573 964 646 llis
982 573 1214 650 daemonibus

138 691 294 766 diversas
324 706 474 768 naturae
506 693 616 784 vires,
647 692 824 768 bonontm
854 695 1090 769 aemulorum
1112 698 1214 795 prin·-

139 814 243 911 cipia,
269 812 370 889 velut
388 817 558 913 expressit
575 827 635 910 1⁴3
659 816 722 890 hos
750 815 856 890 robus
876 815 1079 889 mortalium
1097 819 1215 892 inter-

139 961 214 1008 esse
240 949 277 1008 et
301 934 492 1010 hominum
516 937 588 1010 fata
615 963 736 1037 rogere
761 939 901 1036 putarit
917 946 981 1030 ¹⁵,
1012 939 1218 1012 existimans

139 1054 343 1155 unicuique
373 1058 594 1150 mortalium,
626 1058 774 1132 simulac
808 1073 913 1132 natus
938 1059 1004 1141 sit,
1034 1058 1218 1158 obtingere

140 1175 295 1250 diversos
315 1178 434 1275 genios
455 1191 499 1251 ut
518 1175 779 1278 ψυχοπομπὸς
797 1177 973 1278 δυνάμεις,
996 1207 1154 1282 quorum
1179 1181 1217 1253 hi

140 1294 185 1368 od
209 1295 322 1388 bona,
348 1295 399 1368 illi
422 1297 466 1370 ad
486 1299 577 1372 mala
603 1326 662 1374 eos
682 1300 867 1400 impellant
883 1305 939 1376 ¹⁶.

188 1416 297 1508 Quod
329 1431 450 1492 autem
484 1419 528 1494 ad
557 1419 687 1494 horum
716 1436 883 1496 naturam
910 1425 1054 1510 attinet,
1078 1423 1220 1522 putarit

140 1565 199 1612 eos
221 1563 295 1610 esse
319 1538 462 1614 coelesti
486 1542 643 1642 origine,
668 1540 729 1616 sed
752 1543 875 1618 insani
900 1543 1077 1644 Discordih
1096 1545 1222 1644 (Nelos

140 1660 340 1758 μαινομένῳ)
355 1674 458 1755 actos,
469 1689 589 1762 quum
604 1661 722 1756 caede,
739 1665 763 1738 i.
776 1691 809 1738 e.
823 1664 1009 1764 injustitid,
1023 1691 1061 1740 se
1075 1665 1221 1764 polluis·

140 1797 236 1874 sent,
257 1809 279 1854 a
302 1781 452 1856 deorum
474 1783 649 1857 domicilio
670 1785 709 1856 in
732 1797 891 1860 terrenas
910 1785 1075 1861 tenebras
1093 1785 1223 1861 detru-

140 1930 194 1980 sos
218 1929 294 1978 esse
317 1907 575 2002 (οὐρανοπετεῖς,
610 1904 793 2007 θεήλατον),
827 1921 870 1982 ut
893 1889 1068 1982 scelerum
1092 1933 1225 2007 poenas

140 2027 252 2100 luant,
306 2026 390 2102 Mali
429 2028 623 2104 daemones
652 2029 739 2102 diris
776 2029 963 2130 suppliciis
995 2029 1224 2123 plectuntur:

140 2146 331 2238 comnibus
365 2149 551 2222 elementis
580 2152 685 2227 invisi
722 2167 759 2226 et
790 2149 1029 2224 abominatio
1060 2149 1155 2222 coelo
1184 2150 1222 2220 in

141 2283 288 2362 terram,
319 2299 339 2342 a
360 2285 453 2344 terra
476 2271 514 2344 in
535 2299 648 2363 mare,
673 2301 692 2344 a
715 2273 805 2346 mari
826 2273 865 2344 in
888 2275 1006 2344 aerem
1030 2293 1223 2370 exspuun-

142 2404 203 2464 tur
227 2406 264 2464 et
287 2417 352 2490 per
376 2417 521 2466 omnem
545 2391 727 2468 mundum
749 2394 938 2493 jactantur,
959 2391 1071 2464 donec
1094 2389 1224 2464 scelere

141 2514 284 2611 purgati
325 2515 363 2586 in
405 2514 592 2614 pristinam
625 2513 834 2614 dignitatem
871 2514 1111 2586 restituantur
1145 2511 1224 2584 ¹⁷.’'

142 2635 237 2708 llaec
267 2649 369 2726 sunt,
396 2659 491 2735 quae
514 2636 560 2708 de
585 2635 825 2710 Daemonihns
848 2633 1062 2734 praedicasse
1087 2637 1225 2732 Empe-

142 2753 257 2829 docles
287 2757 457 2850 traditur,
487 2783 582 2856 quae
614 2759 806 2848 sententia,
830 2783 851 2830 e
878 2757 999 2858 priscis
1030 2755 1225 2855 theogoniis

175 3008 233 3076 (¹3)
251 3007 308 3060 vid.
326 3009 433 3079 Emped.
449 3025 496 3059 νον.
515 3009 600 3061 ando.

174 3103 233 3167 (ι4)
250 3101 360 3154 Houor
384 3105 531 3170 σπέρματα
556 3107 632 3151 vocat
654 3099 791 3152 Plutarch.
816 3103 848 3152 de
878 3103 958 3153 Auim.
987 3103 1080 3172 Tranq.
1104 3119 1130 3172 p.
1158 3101 1228 3167 474ι

145 3189 274 3255 Volvll,
294 3211 320 3263 p.
341 3193 397 3256 854.
419 3195 553 3264 διαφοράς
569 3194 624 3245 τῶν
638 3191 723 3244 ὄντων
737 3189 890 3242 Phua-nutus
906 3190 939 3243 de
951 3191 983 3242 tt.
994 3189 1025 3242 D.
1040 3207 1061 3242 c.
1076 3207 1113 3255 17,
1127 3209 1151 3262 p.
1172 3191 1225 3255 s76.

143 3279 260 3332 Primum
288 3291 375 3336 antem
399 3285 578 3355 Empedoclem
600 3284 707 3335 honos
727 3289 754 3334 et
774 3279 879 3332 malos
899 3280 990 3333 Genios
1009 3281 1153 3333 distinxisse
1177 3297 1229 3350 pu-

145 3377 201 3422 tant
220 3371 423 3436 Tiedemannus,
442 3375 609 3435 Meinersius,
626 3371 721 3443 aliique
736 3369 806 3439 (vid.
826 3369 917 3422 Earles
939 3371 966 3421 in
986 3369 1088 3423 Fabric.
1106 3369 1167 3422 ntbt
1183 3371 1228 3422 Gr.

145 3461 173 3510 11
181 3496 188 3520 ,
201 3477 245 3525 ης
257 3463 287 3514 Τ.
297 3465 324 3525 Ι,
340 3479 367 3532 p.
380 3464 442 3530 tro)
453 3473 587 3516 auctorem
600 3460 753 3514 adhibentes
766 3457 935 3512 Plutarchum
948 3459 976 3509 ll.
987 3475 1024 3512 cc.
1035 3469 1089 3512 not
1105 3460 1134 3511 16
1145 3469 1172 3512 et
1189 3463 1228 3512 ιθ.

178 3549 236 3617 (15)
251 3551 350 3618 θείμαν.
369 3551 519 3622 Philosoph.
540 3555 599 3606 111:
620 3553 654 3613 oie
671 3553 888 3620 ἀναστρλφονται
911 3553 1083 3611 διοικοῦντες
1102 3555 1138 3603 τὰ
1158 3553 1230 3602 κατὰ

148 3647 199 3708 γῆν
217 3642 296 3704 ὄντος
311 3646 446 3700 πλεῖστον.
465 3642 497 3695 cf.
514 3643 633 3696 Timaeus
652 3634 727 3696 toea.
746 3653 813 3696 extr.

182 3733 239 3798 (16)
258 3735 377 3806 Porphyr
408 3737 443 3789 dc
476 3740 547 3786 Antr.
571 3733 684 3802 Nymph.
710 3751 732 3784 c.
756 3738 779 3785 8.
808 3731 963 3786 Plutarchus
985 3733 1019 3784 dc
1039 3733 1120 3785 Anius.
1143 3741 1229 3805 tranq.

147 3841 172 3892 p.
188 3826 238 3888 474
255 3827 326 3890 (Vol.
339 3829 400 3890 Vll,
412 3845 437 3898 p.
454 3819 530 3892 85¹3ss
548 3827 581 3886 α’νς
599 3825 798 3895 Ἐμπεδοκλῆς
814 3825 922 3895 (λίνον),
942 3825 1042 3879 διτταί
1055 3845 1128 3886 τινος
1148 3823 1230 3880 ἕκασ-

149 3937 197 3968 τον
223 3920 299 3984 ἡμῶν
323 3921 472 3986 γινόμενον
499 3923 749 3992 παραλαμβάνουσι
776 3923 823 3970 καὶ
851 3921 1039 3988 κατάρχονται
1066 3929 1159 3990 μοῖραι
1184 3923 1231 3972 καὶ

150 4015 293 4074 δαίμονος.
913 4005 918 4014 ’

182 4105 240 4169 tuq)
257 4103 313 4155 vit.
332 4105 437 4174 Emped.
457 4122 504 4156 sss.
528 4106 619 4172 att-¹9.
637 4113 664 4158 et
679 4103 812 4155 Plutarch.
827 4101 867 4153 ihi'
881 4103 922 4156 cit.
941 4103 973 4154 cl.
992 4119 1051 4156 mox
1069 4112 1125 4158 not.
1140 4121 1182 4166 ao,
1194 4105 1232 4156 aa.
