2958 4822
269 372 308 432 76
662 387 708 434 ms
734 387 948 438 uursnocms

266 579 411 654 quoque
438 577 610 653 magnum
635 579 807 632 versuum
832 579 1028 630 numerum
1052 557 1217 654 protulit,
1243 583 1342 660 qoo-

266 701 351 782 rum
375 677 565 750 auctoritas
587 677 626 750 in
650 675 805 751 dubium
822 678 939 753 vocari
952 679 1088 778 nequit.
1142 681 1225 754 Post
1238 679 1344 754 hunc

266 823 351 876 vero
382 799 447 900 qui
471 811 568 872 sexto
591 811 669 898 post
692 797 873 872 Christum
898 798 1017 874 seculo
1040 797 1161 873 floruit
1171 853 1188 904 2,
1215 801 1343 876 Musae

265 919 402 995 Siculae
417 919 523 1019 plane
541 918 686 995 tandem
705 921 743 992 in
762 917 974 994 oblivionem
994 921 1132 994 venisse
1152 920 1336 995 videntur.
1452 999 1460 1016 ‚

264 1042 405 1117 Ferunt
420 1039 584 1142 quidem,
599 1039 695 1140 apud
708 1037 841 1114 Arabes
857 1064 1021 1138 magnam
1038 1039 1147 1116 luisse
1161 1041 1339 1142 Empedo-

264 1161 325 1237 clis
344 1161 577 1237 notitiom²³⁵
583 1187 593 1256 3
612 1187 707 1262 quse
724 1176 843 1236 tamen
861 1157 958 1233 haud
976 1161 1136 1236 multum
1152 1165 1340 1238 excessisse

263 1283 407 1362 ridetur
419 1311 476 1376 ee,
491 1309 585 1384 quae
599 1282 644 1358 sb
655 1282 839 1358 Aristotele
850 1297 887 1358 et
898 1283 1088 1360 serioribus
1098 1284 1341 1386 philosophice
1445 1375 1451 1386 ι

197 1387 203 1400 ’
263 1404 519 1506 interpretibus
545 1419 663 1479 essent
690 1403 836 1498 trudita;
864 1419 973 1507 etque
1000 1407 1136 1480 etiamsi
1162 1404 1269 1505 plura
1293 1405 1341 1481 de

262 1527 322 1601 illo
345 1541 501 1619 nossent,
523 1541 644 1601 tomen
666 1525 755 1600 haec
774 1551 861 1626 gens
880 1530 919 1602 in
939 1527 1214 1627 interpretandis
1233 1543 1341 1604 vete-

262 1675 347 1724 rum
373 1649 510 1747 scriptis
538 1647 625 1722 adeo
651 1649 769 1722 omnic
795 1651 1003 1723 commentis
1031 1649 1165 1724 suiset
1192 1651 1344 1748 argutiis

262 1767 423 1868 opplevit
436 1783 472 1842 et
489 1767 704 1861 obscuravit,
724 1783 766 1844 ut
782 1795 911 1869 parum
929 1769 975 1842 ab
990 1771 1032 1842 iis
1046 1769 1280 1844 emolumenti
1296 1769 1341 1842 ad

262 1889 515 1989 Empedoclem
546 1887 800 1963 illustrandum
833 1891 966 1990 sperari
997 1892 1114 1989 possit.
1166 1889 1344 1988 Exemplo

262 2025 407 2085 tentum
433 2009 524 2106 sint,
545 2037 641 2112 quae
661 2009 1030 2112 Abulpharsgius
1057 2011 1210 2110 scripsitz
1236 2011 1340 2085 illum

262 2131 406 2210 Doridis
427 2135 518 2232 regis
539 2131 725 2233 aequalem
747 2131 858 2206 fuisse
877 2147 913 2206 et
933 2161 954 2206 s
973 2135 1178 2206 [nemanno
1202 2133 1344 2232 sopien-

261 2260 348 2331 ticm
380 2253 564 2350 edoctum;
605 2253 763 2330 eundem
795 2251 956 2354 primum
993 2256 1057 2327 Dei
1094 2251 1265 2327 attributo
1295 2253 1346 2326 eb

260 2379 373 2480 ipsius
398 2377 547 2452 essentia
571 2375 788 2466 distinxisse,
818 2375 904 2450 item
932 2373 1065 2450 librum
1096 2373 1272 2474 scripsisse
1299 2374 1345 2448 od
1447 2357 1449 2362 ’

260 2497 497 2575 refutandum
518 2502 815 2574 resurrectionem
840 2495 1060 2596 spiritualem
1075 2497 1156 2571 ²³⁶.
1206 2495 1347 2570 Similes

262 2645 377 2719 nugas
396 2619 534 2726 profert
551 2617 643 2692 elius
658 2617 805 2718 quidam
829 2615 990 2718 ejusdem
1011 2617 1163 2713 nationis
1183 2617 1345 2726 scriptor,

262 2739 329 2839 qui
353 2753 474 2812 tomen
498 2737 716 2812 confidenter
738 2737 908 2830 affirmat,
929 2765 966 2813 se
989 2735 1215 2838 Empedoclis
1236 2737 1346 2812 libros

263 2857 512 2960 Hierosolymis
528 2859 566 2931 in
592 2857 679 2933 sede
697 2857 794 2932 socri
813 2859 991 2934 invenisse
1010 2872 1048 2932 et
1066 2873 1202 2934 attento
1223 2859 1348 2933 animo

263 2980 386 3078 legisse
397 2987 477 3055 ²³⁷.
512 2979 611 3054 Talia
627 2979 749 3081 legens
765 3005 837 3054 non
853 2978 960 3080 plura
976 2978 1134 3078 profecto
1151 2979 1346 3058 desideret!

311 3101 522 3177 Sturzius
552 3115 676 3176 sutem
699 3101 851 3176 confisus
877 3100 1076 3174 testimonio
1101 3099 1259 3200 quodm
1280 3099 1303 3171 J
1309 3126 1345 3172 ο.

263 3223 493 3322 Aurispoe‚
516 3225 581 3324 qui
603 3221 722 3296 seculo
737 3221 810 3296 XV
825 3220 930 3314 vixit,
948 3222 1125 3294 narrantis
1140 3247 1214 3296 see
1231 3221 1348 3295 Grue-

262 3345 315 3416 cia
340 3359 537 3444 reportasse
566 3343 753 3445 ruduppodc
777 3340 1058 3442 Ἐμπεδοκλέους,
1084 3367 1228 3418 omnem
1252 3367 1349 3442 ope-

295 3559 369 3628 (2³5)
387 3559 443 3614 ud.
464 3565 524 3616 lete
541 3563 637 3618 erudit.
656 3563 724 3632 lips.
742 3563 787 3615 cit.
804 3561 875 3632 opud
893 3559 965 3613 Harl.
985 3561 1012 3612 in
1030 3559 1130 3628 Febrim
1145 3559 1210 3612 Bibl.
1224 3561 1269 3614 Gr.
1279 3559 1309 3611 Τ.
1324 3560 1349 3610 1.

206 3653 212 3662 “
261 3669 288 3722 p.
306 3649 370 3717 81³3
387 3657 414 3704 et
428 3649 489 3705 inde
506 3654 576 3722 opud
596 3653 685 3706 sture.
705 3667 731 3722 p·
751 3654 791 3705 do.

295 3739 371 3809 (²36)
389 3739 559 3810 tbotphrreg.
582 3743 645 3794 Eiet.
670 3741 776 3809 [lyrim.
799 3755 824 3809 p.
846 3737 885 3792 33.
910 3737 1021 3792 Pococl.
1043 3739 1086 3794 cit.
1115 3739 1214 3792 Hsrleu
1238 3738 1258 3789 1.
1279 3738 1296 3789 t.
1320 3747 1347 3790 st

262 3831 348 3883 sture.
367 3846 393 3900 p.
416 3845 445 3882 to
465 3845 504 3899 sq.

293 3919 367 3986 (²37)
383 3919 481 3971 Locum
502 3919 571 3971 hune
589 3935 649 3971 cunr
668 3917 771 3972 §turtio
788 3917 987 3970 communicent
1010 3917 1163 3980 floremus,
1181 3915 1294 3968 ductum
1313 3931 1350 3968 en

262 4023 340 4076 opere
357 4007 498 4076 inscriptos
517 4007 637 4076 Getulogo
658 4007 700 4062 de'
720 4004 808 4059 codici
827 4021 874 4058 ms.
896 4005 1018 4061 Osientsli
1040 4007 1066 4058 d.
1082 4007 1147 4060 sibl.
1169 4007 1304 4066 Noniano,
1322 4009 1350 4058 d.

264 4095 341 4149 Abete
361 4097 419 4149 Sim.
441 4097 586 4150 lsscmruni
610 4097 670 4149 rao.
697 4099 805 4163 werp
834 4092 871 4144 ts.
